pitcher_id,batter_id,on_1b,on_2b,on_3b,des,des_es,s_or_ball,tfs,tfs_zulu,x,y,sv_id,start_speed,end_speed,sz_top,sz_bot,pfx_x,pfx_z,px,pz,x0,y0,z0,vx0,vy0,vz0,ax,ay,az,break_y,break_angle,break_length,pitch_type,type_confidence,zone,nasty,spin_dir,spin_rate,cc,mt,num,game_id,game_id_num,inning,inning_num,away_team,home_team
502032,435079,"","","",Called Strike,Strike cantado,S,822,2013-04-01T00:08:22Z,84.98,162.33,130331_190820,91.9,83.7,3.26,1.44,0.14,11.2,0.56,1.917,-1.218,50.0,5.83,4.645,-134.441,-8.083,0.247,32.748,-11.864,23.7,-5.5,3.1,FF,0.849,9,62,179.305,2191.859,"","",1,2013_03_31_texmlb_houmlb_1,2013_03_31_texmlb_houmlb_1_1,"","","",""
502032,435079,"","","","In play, out(s)","En juego, out(s)",X,841,2013-04-01T00:08:41Z,98.71,151.1,130331_190838,92.2,84.5,3.4,1.5,0.37,10.84,0.089,2.33,-1.101,50.0,5.865,3.037,-135.03,-7.112,0.683,30.909,-12.187,23.8,-5.6,3.1,FC,0.8,5,27,178.045,2148.686,"","",1,2013_03_31_texmlb_houmlb_1,2013_03_31_texmlb_houmlb_1_1,"","","",""
502032,462101,"","","",Ball,Bola mala,B,944,2013-04-01T00:09:44Z,76.39,111.39,130331_190927,92.0,83.3,3.25,1.5,-1.24,9.92,-0.803,3.611,-1.265,50.0,5.963,1.644,-134.915,-3.535,-2.236,34.539,-14.169,23.7,6.9,3.4,FF,0.905,11,81,187.077,1951.006,"","",2,2013_03_31_texmlb_houmlb_1,2013_03_31_texmlb_houmlb_1_2,"","","",""
502032,462101,"","","",Swinging Strike,Strike tirándole,S,942,2013-04-01T00:09:42Z,73.82,192.55,130331_190940,85.1,79.3,3.25,1.5,6.55,-0.74,0.813,0.373,-1.525,50.0,5.793,3.659,-124.553,-6.559,10.281,25.151,-33.266,23.9,-17.5,9.3,SL,0.903,14,41,83.937,1204.258,"","",2,2013_03_31_texmlb_houmlb_1,2013_03_31_texmlb_houmlb_1_2,"","","",""
502032,462101,"","","",Called Strike,Strike cantado,S,1005,2013-04-01T00:10:05Z,84.12,158.01,130331_191002,91.7,83.9,3.1,1.47,-1.25,10.62,0.546,1.978,-0.999,50.0,5.799,4.509,-134.205,-7.647,-2.266,31.358,-12.897,23.7,4.9,3.3,FF,0.905,9,42,186.703,2098.229,"","",2,2013_03_31_texmlb_houmlb_1,2013_03_31_texmlb_houmlb_1_2,"","","",""
502032,462101,"","","",Ball,Bola mala,B,1024,2013-04-01T00:10:24Z,54.94,189.1,130331_191022,84.4,78.5,3.07,1.48,4.83,0.23,1.269,0.419,-1.537,50.0,5.869,5.304,-123.473,-6.747,7.434,25.316,-31.751,23.8,-14.1,9.0,SL,0.902,14,40,93.257,874.893,"","",2,2013_03_31_texmlb_houmlb_1,2013_03_31_texmlb_houmlb_1_2,"","","",""
502032,462101,"","","",Swinging Strike,Strike tirándole,S,1046,2013-04-01T00:10:46Z,115.02,144.2,130331_191044,93.7,85.4,3.25,1.5,-2.48,10.8,-0.528,2.521,-1.436,50.0,5.668,3.317,-137.251,-6.308,-4.684,33.764,-11.742,23.7,16.3,3.0,FF,0.905,4,38,192.91,2215.746,"","",2,2013_03_31_texmlb_houmlb_1,2013_03_31_texmlb_houmlb_1_2,"","","",""
502032,204020,"","","",Ball,Bola mala,B,1125,2013-04-01T00:11:25Z,131.33,176.14,130331_191123,93.3,85.2,3.32,1.57,-3.79,9.38,-0.807,1.32,-1.472,50.0,5.665,3.102,-136.521,-8.933,-7.075,33.28,-14.598,23.7,20.8,3.9,FF,0.905,13,82,201.925,2013.412,"","",3,2013_03_31_texmlb_houmlb_1,2013_03_31_texmlb_houmlb_1_3,"","","",""
502032,204020,"","","",Swinging Strike,Strike tirándole,S,1144,2013-04-01T00:11:44Z,105.58,164.92,130331_191142,87.5,80.5,3.42,1.5,-3.5,4.45,-0.126,1.725,-1.318,50.0,5.789,4.152,-128.139,-5.348,-5.781,28.083,-24.757,23.8,10.8,6.5,CH,0.898,8,33,217.933,1064.695,"","",3,2013_03_31_texmlb_houmlb_1,2013_03_31_texmlb_houmlb_1_3,"","","",""
502032,204020,"","","",Ball,Bola mala,B,1204,2013-04-01T00:12:04Z,112.45,82.03,130331_191202,92.8,84.3,3.25,1.61,-1.63,10.44,-0.282,5.248,-1.385,50.0,5.928,3.509,-135.995,0.576,-3.007,33.258,-12.791,23.7,9.7,2.8,FF,0.905,11,31,188.817,2092.495,"","",3,2013_03_31_texmlb_houmlb_1,2013_03_31_texmlb_houmlb_1_3,"","","",""
502032,204020,"","","","In play, out(s)","En juego, out(s)",X,1228,2013-04-01T00:12:28Z,108.15,143.33,130331_191226,93.7,85.8,3.42,1.5,-0.98,9.88,-0.358,2.627,-1.42,50.0,5.701,3.214,-137.305,-5.836,-1.866,32.367,-13.363,23.8,4.4,3.2,FF,0.905,4,34,185.663,1997.349,"","",3,2013_03_31_texmlb_houmlb_1,2013_03_31_texmlb_houmlb_1_3,"","","",""
457448,514888,"","","","In play, no out","En juego, no out",X,1517,2013-04-01T00:15:17Z,103.86,158.88,130331_191514,91.2,83.5,2.79,1.5,10.13,10.71,-0.028,1.875,1.715,50.0,6.327,-8.019,-133.222,-9.207,18.081,30.324,-12.97,23.8,-47.4,5.0,FT,0.814,8,35,136.726,2872.383,"","",4,2013_03_31_texmlb_houmlb_1,2013_03_31_texmlb_houmlb_1_4,"","","",""
457448,477165,514888,"","",Foul,Foul,S,1600,2013-04-01T00:16:00Z,104.72,159.74,130331_191557,90.4,82.9,3.61,1.5,13.42,8.46,-0.105,1.866,1.708,50.0,6.274,-9.244,-131.974,-8.146,23.558,29.289,-17.25,23.8,-48.6,6.7,FT,0.938,8,43,122.355,3065.641,"","",5,2013_03_31_texmlb_houmlb_1,2013_03_31_texmlb_houmlb_1_5,"","","",""
457448,477165,514888,"","",Foul,Foul,S,1625,2013-04-01T00:16:25Z,71.24,140.74,130331_191623,91.3,83.3,3.61,1.5,15.48,7.04,0.832,2.669,1.852,50.0,6.257,-7.941,-133.505,-5.693,27.628,31.663,-19.535,23.7,-51.1,7.6,FT,0.951,12,58,114.583,3301.547,"","",5,2013_03_31_texmlb_houmlb_1,2013_03_31_texmlb_houmlb_1_5,"","","",""
457448,477165,514888,"","",Ball,Bola mala,B,1654,2013-04-01T00:16:54Z,77.25,160.6,130331_191652,92.6,85.3,3.54,1.5,14.39,7.5,0.581,1.811,1.883,50.0,6.187,-8.466,-135.231,-8.266,26.63,29.661,-18.229,23.8,-51.2,7.0,FT,0.955,9,59,117.64,3224.919,"","",5,2013_03_31_texmlb_houmlb_1,2013_03_31_texmlb_houmlb_1_5,"","","",""
457448,477165,514888,"","",Ball In Dirt,Bola por el suelo,B,1716,2013-04-01T00:17:16Z,128.76,191.69,130331_191714,87.1,80.8,3.46,1.68,6.42,6.25,-0.865,0.503,1.918,50.0,6.066,-9.084,-127.064,-9.614,10.527,25.474,-21.866,23.8,-20.5,6.3,FC,0.704,13,45,134.399,1682.218,"","",5,2013_03_31_texmlb_houmlb_1,2013_03_31_texmlb_houmlb_1_5,"","","",""
457448,477165,"","","",Swinging Strike,Strike tirándole,S,1808,2013-04-01T00:18:08Z,149.36,166.65,130331_191806,86.9,80.4,3.61,1.5,3.82,3.14,-1.493,1.78,1.896,50.0,6.313,-9.73,-126.974,-5.97,6.223,26.395,-26.982,23.8,-8.8,7.1,FC,0.932,13,28,129.84,926.003,"","",5,2013_03_31_texmlb_houmlb_1,2013_03_31_texmlb_houmlb_1_5,"","","",""
457448,474892,"","","",Called Strike,Strike cantado,S,1839,2013-04-01T00:18:39Z,82.4,145.92,130331_191837,78.6,73.3,3.59,1.84,5.39,-1.69,0.513,2.462,1.885,50.0,6.436,-4.722,-115.227,-1.511,7.274,20.631,-34.38,23.9,-10.7,10.6,CU,0.892,6,78,73.129,957.034,"","",6,2013_03_31_texmlb_houmlb_1,2013_03_31_texmlb_houmlb_1_6,"","","",""
457448,474892,"","","",Foul Tip,Foul atrás,S,1849,2013-04-01T00:18:49Z,79.83,168.37,130331_191847,91.7,84.7,3.57,1.5,13.94,6.79,0.639,1.482,1.707,50.0,6.205,-7.618,-133.983,-8.759,25.351,28.843,-19.755,23.8,-47.8,7.2,FT,0.949,14,60,116.1,3056.721,"","",6,2013_03_31_texmlb_houmlb_1,2013_03_31_texmlb_houmlb_1_6,"","","",""
457448,474892,"","","",Called Strike,Strike cantado,S,1903,2013-04-01T00:19:03Z,73.82,158.01,130331_191901,94.3,86.5,3.55,1.8,12.45,9.51,0.9,2.01,1.605,50.0,6.252,-6.302,-137.835,-8.964,23.837,32.018,-13.885,23.8,-54.6,5.8,FT,0.953,14,70,127.498,3162.365,"","",6,2013_03_31_texmlb_houmlb_1,2013_03_31_texmlb_houmlb_1_6,"","","",""
502032,134181,"","","",Called Strike,Strike cantado,S,2159,2013-04-01T00:21:59Z,87.55,132.11,130331_192157,90.9,83.2,3.36,1.58,1.91,10.54,0.395,3.118,-1.233,50.0,5.872,3.618,-133.193,-4.683,3.404,30.581,-13.3,23.8,-16.3,3.4,FC,0.911,3,58,169.778,2088.986,"","",7,2013_03_31_texmlb_houmlb_1,2013_03_31_texmlb_houmlb_1_7,"","","",""
502032,134181,"","","",Swinging Strike,Strike tirándole,S,2213,2013-04-01T00:22:13Z,100.43,161.47,130331_192211,83.6,77.9,3.52,1.5,5.57,0.95,0.056,1.837,-1.475,50.0,6.04,1.956,-122.587,-3.861,8.498,23.521,-30.65,23.9,-15.7,8.6,SL,0.903,8,27,100.167,1021.759,"","",7,2013_03_31_texmlb_houmlb_1,2013_03_31_texmlb_houmlb_1_7,"","","",""
502032,134181,"","","","In play, out(s)","En juego, out(s)",X,2236,2013-04-01T00:22:36Z,98.71,179.6,130331_192234,82.6,76.8,3.52,1.5,6.22,-1.05,0.019,0.956,-1.307,50.0,5.897,1.238,-121.012,-4.744,9.198,24.073,-33.656,23.8,-15.2,9.8,SL,0.903,14,13,80.847,1116.947,"","",7,2013_03_31_texmlb_houmlb_1,2013_03_31_texmlb_houmlb_1_7,"","","",""
502032,461815,"","","",Ball,Bola mala,B,2314,2013-04-01T00:23:14Z,153.65,124.34,130331_192311,91.7,83.4,3.62,1.76,-1.42,10.32,-1.56,3.46,-1.67,50.0,5.834,0.776,-134.405,-3.709,-2.559,32.833,-13.488,23.7,9.4,3.3,FF,0.905,11,49,187.796,2035.813,"","",8,2013_03_31_texmlb_houmlb_1,2013_03_31_texmlb_houmlb_1_8,"","","",""
502032,461815,"","","",Ball,Bola mala,B,2334,2013-04-01T00:23:34Z,129.61,101.02,130331_192332,91.5,83.2,3.61,1.72,-1.58,10.48,-0.858,4.59,-1.292,50.0,5.993,1.683,-134.195,-1.188,-2.837,32.411,-13.232,23.7,10.2,3.1,FF,0.905,11,48,188.516,2070.661,"","",8,2013_03_31_texmlb_houmlb_1,2013_03_31_texmlb_houmlb_1_8,"","","",""
502032,461815,"","","",Ball,Bola mala,B,2359,2013-04-01T00:23:59Z,90.99,117.43,130331_192357,92.1,84.3,3.69,1.78,-0.57,9.69,0.347,3.614,-1.381,50.0,5.771,4.791,-135.02,-3.04,-1.044,31.214,-14.329,23.8,-0.2,3.3,FF,0.905,3,47,183.346,1920.714,"Bud Norris is having trouble locating his four-seam fastball, missing the strike zone with his last three.","",8,2013_03_31_texmlb_houmlb_1,2013_03_31_texmlb_houmlb_1_8,"","","",""
502032,461815,"","","",Called Strike,Strike cantado,S,2417,2013-04-01T00:24:17Z,120.17,156.29,130331_192414,91.4,83.5,3.73,1.76,-0.39,11.07,-0.496,2.06,-1.512,50.0,5.716,2.807,-133.813,-7.301,-0.701,31.353,-12.21,23.7,0.3,3.1,FF,0.903,7,48,182.009,2165.803,"","",8,2013_03_31_texmlb_houmlb_1,2013_03_31_texmlb_houmlb_1_8,"","","",""
502032,461815,"","","",Foul,Foul,S,2438,2013-04-01T00:24:38Z,128.76,138.15,130331_192436,92.7,84.5,3.76,1.5,-1.15,9.75,-0.886,2.789,-1.515,50.0,5.696,2.076,-135.87,-5.117,-2.116,33.15,-14.095,23.7,6.0,3.4,FF,0.905,11,51,186.674,1943.603,"","",8,2013_03_31_texmlb_houmlb_1,2013_03_31_texmlb_houmlb_1_8,"","","",""
502032,461815,"","","",Foul,Foul,S,2504,2013-04-01T00:25:04Z,112.45,141.61,130331_192502,92.6,84.4,3.76,1.5,0.05,11.62,-0.407,2.682,-1.31,50.0,5.818,2.39,-135.68,-6.35,0.095,33.049,-10.697,23.7,-3.1,2.7,FF,0.893,4,34,179.748,2296.488,"","",8,2013_03_31_texmlb_houmlb_1,2013_03_31_texmlb_houmlb_1_8,"","","",""
502032,461815,"","","",Ball,Bola mala,B,2527,2013-04-01T00:25:27Z,98.71,170.1,130331_192524,85.6,79.5,3.73,1.72,5.12,0.66,0.038,1.422,-1.491,50.0,5.757,2.142,-125.517,-4.477,8.165,25.458,-31.05,23.8,-15.0,8.4,SL,0.902,14,33,97.838,952.648,"","",8,2013_03_31_texmlb_houmlb_1,2013_03_31_texmlb_houmlb_1_8,"","","",""
502032,443558,461815,"","",Foul,Foul,S,2609,2013-04-01T00:26:09Z,86.7,158.01,130331_192606,85.4,79.5,3.73,1.5,5.68,1.17,0.354,1.997,-1.567,50.0,5.839,2.929,-125.19,-3.406,9.054,24.307,-30.241,23.9,-17.2,8.2,SL,0.902,9,66,102.052,1072.882,"","",9,2013_03_31_texmlb_houmlb_1,2013_03_31_texmlb_houmlb_1_9,"","","",""
502032,443558,461815,"","",Ball,Bola mala,B,2717,2013-04-01T00:27:17Z,133.91,116.57,130331_192715,83.0,77.1,3.63,1.66,5.59,-1.8,-0.956,3.668,-1.445,50.0,6.074,-0.573,-121.685,1.436,8.43,22.662,-34.806,23.8,-13.5,9.5,SL,0.903,11,60,72.66,1052.91,"","",9,2013_03_31_texmlb_houmlb_1,2013_03_31_texmlb_houmlb_1_9,"","","",""
502032,443558,461815,"","",Ball,Bola mala,B,2739,2013-04-01T00:27:39Z,126.18,98.43,130331_192737,91.9,83.9,3.61,1.68,-2.27,10.64,-0.747,4.573,-1.126,50.0,6.012,1.787,-134.777,-1.428,-4.153,31.355,-12.67,23.7,16.1,3.0,FF,0.905,11,42,192.019,2146.539,"","",9,2013_03_31_texmlb_houmlb_1,2013_03_31_texmlb_houmlb_1_9,"","","",""
502032,443558,"","","",Foul,Foul,S,2817,2013-04-01T00:28:17Z,97.0,127.79,130331_192815,84.7,78.7,3.73,1.5,6.88,-0.65,0.191,3.337,-1.213,50.0,5.889,1.253,-124.227,0.466,10.801,23.776,-33.114,23.8,-18.4,9.0,SL,0.903,2,31,85.026,1266.16,"","",9,2013_03_31_texmlb_houmlb_1,2013_03_31_texmlb_houmlb_1_9,"","","",""
502032,443558,"","","",Ball,Bola mala,B,2841,2013-04-01T00:28:41Z,139.06,134.7,130331_192838,93.7,85.9,3.62,1.65,-0.89,10.32,-1.133,3.161,-1.211,50.0,5.705,0.522,-137.324,-4.578,-1.685,31.716,-12.483,23.8,6.6,2.9,FF,0.905,11,54,184.889,2087.891,"","",9,2013_03_31_texmlb_houmlb_1,2013_03_31_texmlb_houmlb_1_9,"","","",""
502032,443558,"","","",Foul,Foul,S,2900,2013-04-01T00:29:00Z,102.15,145.06,130331_192858,85.6,79.1,3.73,1.5,6.55,-0.24,0.016,2.508,-1.429,50.0,5.816,1.473,-125.539,-1.621,10.404,26.345,-32.483,23.8,-18.0,8.8,SL,0.903,5,15,88.299,1202.861,"","",9,2013_03_31_texmlb_houmlb_1,2013_03_31_texmlb_houmlb_1_9,"","","",""
502032,443558,"","","",Ball,Bola mala,B,2941,2013-04-01T00:29:41Z,127.9,105.34,130331_192939,93.5,84.7,3.63,1.77,-1.28,9.65,-0.804,4.234,-1.208,50.0,5.808,1.533,-137.172,-1.618,-2.403,35.492,-14.05,23.7,7.9,3.2,FF,0.905,11,44,187.551,1933.637,"","",9,2013_03_31_texmlb_houmlb_1,2013_03_31_texmlb_houmlb_1_9,"","","",""
502032,150229,443558,"","",Foul,Foul,S,3020,2013-04-01T00:30:20Z,146.78,137.29,130331_193018,91.3,83.5,3.6,1.5,-4.48,8.51,-1.405,2.899,-1.53,50.0,5.784,1.859,-133.831,-4.408,-8.056,31.144,-16.791,23.7,23.2,4.4,FF,0.905,11,41,207.639,1882.413,"","",10,2013_03_31_texmlb_houmlb_1,2013_03_31_texmlb_houmlb_1_10,"","","",""
502032,150229,443558,"","",Swinging Strike (Blocked),Strike tirándole (Bloqueado),S,3048,2013-04-01T00:30:48Z,88.41,190.82,130331_193046,83.2,77.7,3.6,1.5,6.65,0.86,0.31,0.544,-1.308,50.0,5.735,1.818,-121.892,-6.118,10.032,23.211,-30.8,23.9,-17.9,9.0,SL,0.903,14,23,97.799,1205.175,"","",10,2013_03_31_texmlb_houmlb_1,2013_03_31_texmlb_houmlb_1_10,"","","",""
502032,150229,443558,"","","In play, no out","En juego, no out",X,3119,2013-04-01T00:31:19Z,104.72,135.56,130331_193117,92.9,85.0,3.6,1.5,-0.53,11.09,-0.022,3.061,-1.135,50.0,5.76,3.166,-136.083,-5.095,-0.987,31.768,-11.449,23.8,1.2,2.8,FF,0.905,2,26,182.725,2211.998,Bud Norris had A.J. Pierzynski down 0-2 but could not put him away.,"",10,2013_03_31_texmlb_houmlb_1,2013_03_31_texmlb_houmlb_1_10,"","","",""
502032,519048,150229,443558,"",Ball In Dirt,Bola por el suelo,B,3243,2013-04-01T00:32:43Z,58.37,208.09,130331_193241,85.8,80.1,3.28,1.56,7.33,2.76,1.244,-1.061,-1.097,50.0,5.611,3.435,-125.295,-10.897,11.649,25.385,-27.719,23.9,-22.3,8.2,SL,0.903,14,73,110.929,1444.103,"","",11,2013_03_31_texmlb_houmlb_1,2013_03_31_texmlb_houmlb_1_11,"","","",""
502032,519048,150229,443558,"",Called Strike,Strike cantado,S,3316,2013-04-01T00:33:16Z,135.62,158.01,130331_193314,92.0,83.9,3.43,1.61,-2.88,9.76,-1.034,1.914,-1.194,50.0,5.716,1.41,-134.722,-7.341,-5.223,32.632,-14.39,23.7,16.9,3.8,FF,0.905,13,57,196.365,1995.993,"","",11,2013_03_31_texmlb_houmlb_1,2013_03_31_texmlb_houmlb_1_11,"","","",""
502032,519048,150229,443558,"",Foul,Foul,S,3346,2013-04-01T00:33:46Z,94.42,139.88,130331_193344,85.5,78.7,3.52,1.5,5.22,1.11,0.264,2.774,-1.27,50.0,6.005,2.113,-125.393,-1.828,8.259,27.049,-30.345,23.8,-15.7,8.2,SL,0.902,6,26,102.487,978.708,"","",11,2013_03_31_texmlb_houmlb_1,2013_03_31_texmlb_houmlb_1_11,"","","",""
502032,519048,150229,443558,"",Foul,Foul,S,3443,2013-04-01T00:34:43Z,88.41,161.47,130331_193441,84.8,79.3,3.52,1.5,6.04,-1.83,0.385,1.889,-1.212,50.0,5.801,1.996,-124.272,-2.526,9.531,22.918,-34.994,23.9,-15.5,9.4,SL,0.903,9,36,73.517,1160.354,"","",11,2013_03_31_texmlb_houmlb_1,2013_03_31_texmlb_houmlb_1_11,"","","",""
502032,519048,150229,443558,"",Ball,Bola mala,B,3518,2013-04-01T00:35:18Z,129.61,96.71,130331_193516,92.8,84.7,3.43,1.57,-3.15,10.09,-0.82,4.602,-1.243,50.0,5.92,2.228,-136.158,-1.041,-5.861,32.328,-13.324,23.7,21.5,3.2,FF,0.905,11,45,197.27,2103.341,"","",11,2013_03_31_texmlb_houmlb_1,2013_03_31_texmlb_houmlb_1_11,"","","",""
502032,519048,150229,443558,"",Swinging Strike,Strike tirándole,S,3545,2013-04-01T00:35:45Z,76.39,162.33,130331_193543,86.0,80.5,3.52,1.5,6.0,0.03,0.731,1.76,-1.194,50.0,5.769,2.859,-126.078,-3.603,9.744,23.456,-32.056,23.9,-17.3,8.5,SL,0.903,14,50,90.694,1121.326,"","",11,2013_03_31_texmlb_houmlb_1,2013_03_31_texmlb_houmlb_1_11,"","","",""
457448,150289,"","","",Called Strike,Strike cantado,S,3838,2013-04-01T00:38:38Z,92.7,152.83,130331_193836,85.0,78.7,3.13,1.5,4.47,6.47,0.246,2.195,1.968,50.0,6.328,-5.662,-124.44,-5.695,7.019,24.699,-21.941,23.8,-14.5,6.1,FC,0.886,6,43,145.554,1446.689,"","",12,2013_03_31_texmlb_houmlb_1,2013_03_31_texmlb_houmlb_1_12,"","","",""
457448,150289,"","","",Swinging Strike,Strike tirándole,S,3856,2013-04-01T00:38:56Z,68.67,122.61,130331_193854,90.6,83.0,3.13,1.5,13.97,9.45,1.012,3.539,1.86,50.0,6.391,-6.949,-132.606,-4.507,24.733,29.813,-15.368,23.8,-54.8,6.5,FT,0.949,12,74,124.197,3271.503,"","",12,2013_03_31_texmlb_houmlb_1,2013_03_31_texmlb_houmlb_1_12,"","","",""
457448,150289,"","","",Ball,Bola mala,B,3917,2013-04-01T00:39:17Z,56.65,175.28,130331_193915,91.7,84.4,3.13,1.5,14.68,7.32,1.356,1.297,1.927,50.0,6.08,-6.541,-133.961,-9.062,26.579,29.918,-18.848,23.8,-50.4,7.3,FT,0.95,14,47,116.629,3220.003,"","",12,2013_03_31_texmlb_houmlb_1,2013_03_31_texmlb_houmlb_1_12,"","","",""
457448,150289,"","","",Swinging Strike,Strike tirándole,S,3935,2013-04-01T00:39:35Z,78.97,183.05,130331_193933,82.7,75.6,3.13,1.5,13.03,5.45,0.661,0.869,2.039,50.0,5.996,-7.271,-120.885,-7.07,18.997,26.786,-24.153,23.7,-34.3,8.7,CH,0.914,14,39,112.891,2474.787,"","",12,2013_03_31_texmlb_houmlb_1,2013_03_31_texmlb_houmlb_1_12,"","","",""
457448,452239,"","","",Ball,Bola mala,B,4005,2013-04-01T00:40:05Z,49.79,148.51,130331_194003,91.5,83.8,3.5,1.5,13.92,7.99,1.488,2.445,2.01,50.0,6.181,-6.136,-133.891,-6.487,25.083,30.899,-17.695,23.8,-51.1,6.9,FT,0.95,14,29,119.996,3138.193,"","",13,2013_03_31_texmlb_houmlb_1,2013_03_31_texmlb_houmlb_1_13,"","","",""
457448,452239,"","","",Ball,Bola mala,B,4017,2013-04-01T00:40:17Z,52.36,134.7,130331_194015,90.5,83.1,3.5,1.5,12.83,8.58,1.437,2.977,2.012,50.0,6.203,-5.852,-132.572,-5.192,22.727,29.588,-16.903,23.8,-49.9,6.4,FT,0.941,12,35,123.899,2996.401,"","",13,2013_03_31_texmlb_houmlb_1,2013_03_31_texmlb_houmlb_1_13,"","","",""
457448,452239,"","","","In play, out(s)","En juego, out(s)",X,4030,2013-04-01T00:40:30Z,107.3,150.24,130331_194028,83.0,75.8,3.5,1.5,14.04,7.03,-0.061,2.456,2.029,50.0,6.046,-9.325,-121.348,-4.002,20.703,26.21,-21.737,23.7,-39.7,8.1,CH,0.879,5,19,116.755,2771.897,"","",13,2013_03_31_texmlb_houmlb_1,2013_03_31_texmlb_houmlb_1_13,"","","",""
457448,488771,"","","",Ball,Bola mala,B,4110,2013-04-01T00:41:10Z,121.03,117.43,130331_194107,92.5,84.5,3.76,1.5,11.38,11.61,-0.568,3.82,1.767,50.0,6.334,-10.153,-135.211,-4.687,20.959,30.803,-10.711,23.7,-57.8,4.9,FT,0.932,11,66,135.682,3218.822,"","",14,2013_03_31_texmlb_houmlb_1,2013_03_31_texmlb_houmlb_1_14,"","","",""
457448,488771,"","","",Called Strike,Strike cantado,S,4121,2013-04-01T00:41:21Z,119.31,131.24,130331_194119,86.1,79.7,3.59,1.5,5.07,2.77,-0.563,3.023,1.965,50.0,6.267,-7.934,-125.957,-2.527,8.169,24.816,-27.642,23.8,-13.4,7.3,FC,0.909,1,42,119.021,1076.01,"","",14,2013_03_31_texmlb_houmlb_1,2013_03_31_texmlb_houmlb_1_14,"","","",""
457448,488771,"","","",Swinging Strike,Strike tirándole,S,4134,2013-04-01T00:41:34Z,126.18,181.33,130331_194132,81.2,75.4,3.59,1.5,3.95,-0.27,-0.743,1.039,1.925,50.0,6.177,-7.449,-118.689,-5.097,5.629,23.0,-32.48,23.8,-7.5,9.6,CU,0.876,13,36,86.888,689.071,"","",14,2013_03_31_texmlb_houmlb_1,2013_03_31_texmlb_houmlb_1_14,"","","",""
457448,488771,"","","",Ball,Bola mala,B,4153,2013-04-01T00:41:53Z,38.63,145.92,130331_194151,92.2,83.9,3.59,1.5,12.18,7.91,1.983,2.572,2.002,50.0,6.198,-4.229,-134.966,-6.251,22.123,33.529,-17.737,23.7,-47.6,6.4,FT,0.936,12,21,123.128,2839.62,"","",14,2013_03_31_texmlb_houmlb_1,2013_03_31_texmlb_houmlb_1_14,"","","",""
457448,488771,"","","",Swinging Strike,Strike tirándole,S,4210,2013-04-01T00:42:10Z,71.24,146.79,130331_194208,92.0,83.8,3.59,1.5,14.45,7.4,0.901,2.388,1.936,50.0,6.113,-7.678,-134.496,-6.289,26.118,32.764,-18.728,23.7,-50.2,7.1,FT,0.952,14,60,117.241,3168.724,"","",14,2013_03_31_texmlb_houmlb_1,2013_03_31_texmlb_houmlb_1_14,"","","",""
502032,547982,"","","",Ball,Bola mala,B,4515,2013-04-01T00:45:15Z,91.85,181.33,130331_194513,89.6,82.3,3.31,1.5,-6.77,8.16,0.249,1.064,-1.426,50.0,5.533,6.593,-131.039,-8.053,-11.712,29.048,-17.982,23.8,27.6,5.2,FT,0.901,14,36,219.53,2037.205,"","",15,2013_03_31_texmlb_houmlb_1,2013_03_31_texmlb_houmlb_1_15,"","","",""
502032,547982,"","","",Ball,Bola mala,B,4529,2013-04-01T00:45:29Z,60.94,171.83,130331_194527,89.8,82.2,3.31,1.5,-3.08,11.32,1.243,1.16,-1.318,50.0,5.558,7.64,-131.146,-8.921,-5.321,29.793,-12.54,23.8,14.1,3.5,FF,0.906,14,68,195.162,2250.329,"","",15,2013_03_31_texmlb_houmlb_1,2013_03_31_texmlb_houmlb_1_15,"","","",""
502032,547982,"","","",Ball,Bola mala,B,4553,2013-04-01T00:45:53Z,108.15,121.75,130331_194550,91.1,83.4,3.31,1.5,-1.97,9.64,-0.231,3.588,-1.463,50.0,5.776,3.909,-133.487,-2.936,-3.531,30.337,-14.804,23.8,9.8,3.6,FF,0.905,11,46,191.489,1926.442,"","",15,2013_03_31_texmlb_houmlb_1,2013_03_31_texmlb_houmlb_1_15,"","","",""
502032,547982,"","","",Called Strike,Strike cantado,S,4617,2013-04-01T00:46:17Z,92.7,126.06,130331_194615,91.8,83.9,3.31,1.5,-1.25,11.5,0.147,3.267,-1.383,50.0,5.731,4.479,-134.534,-4.408,-2.268,31.378,-11.188,23.7,5.8,2.7,FF,0.905,2,40,186.166,2276.257,"","",15,2013_03_31_texmlb_houmlb_1,2013_03_31_texmlb_houmlb_1_15,"","","",""
502032,547982,"","","",Foul,Foul,S,4642,2013-04-01T00:46:42Z,126.18,136.43,130331_194639,91.6,83.7,3.31,1.5,-1.87,10.25,-0.686,2.947,-1.479,50.0,5.722,2.733,-134.294,-4.766,-3.376,31.55,-13.545,23.7,10.6,3.4,FF,0.905,1,53,190.27,2045.277,"","",15,2013_03_31_texmlb_houmlb_1,2013_03_31_texmlb_houmlb_1_15,"","","",""
502032,547982,"","","",Swinging Strike,Strike tirándole,S,4710,2013-04-01T00:47:10Z,122.75,129.52,130331_194708,91.9,84.1,3.31,1.5,-1.94,10.72,-0.589,3.189,-1.324,50.0,5.814,2.619,-134.729,-4.599,-3.545,31.093,-12.535,23.8,12.3,3.1,FF,0.905,1,54,190.23,2148.934,Bud Norris battled back from 3-0 to retire Leonys Martin.,"",15,2013_03_31_texmlb_houmlb_1,2013_03_31_texmlb_houmlb_1_15,"","","",""
502032,435079,"","","",Ball,Bola mala,B,4745,2013-04-01T00:47:45Z,78.11,121.75,130331_194743,82.6,76.7,3.4,1.5,6.2,-1.56,0.663,3.617,-1.484,50.0,5.986,3.211,-121.126,1.518,9.239,23.044,-34.422,23.8,-16.0,9.7,SL,0.903,12,87,76.324,1138.884,"","",16,2013_03_31_texmlb_houmlb_1,2013_03_31_texmlb_houmlb_1_16,"","","",""
502032,435079,"","","",Called Strike,Strike cantado,S,4805,2013-04-01T00:48:05Z,97.0,158.88,130331_194803,82.3,76.6,3.4,1.5,7.17,0.48,0.229,2.082,-1.354,50.0,5.898,1.552,-120.728,-2.526,10.611,23.019,-31.384,23.9,-18.8,9.2,SL,0.903,8,27,94.258,1278.648,"","",16,2013_03_31_texmlb_houmlb_1,2013_03_31_texmlb_houmlb_1_16,"","","",""
502032,435079,"","","",Ball,Bola mala,B,4824,2013-04-01T00:48:24Z,140.77,141.61,130331_194822,81.9,76.0,3.4,1.5,5.3,1.03,-1.252,2.656,-1.488,50.0,5.956,-1.076,-120.143,-1.384,7.763,22.988,-30.597,23.8,-13.8,8.8,SL,0.902,11,44,101.483,956.565,"","",16,2013_03_31_texmlb_houmlb_1,2013_03_31_texmlb_houmlb_1_16,"","","",""
502032,435079,"","","",Ball,Bola mala,B,4844,2013-04-01T00:48:44Z,124.46,175.28,130331_194842,87.4,80.0,3.4,1.5,-5.58,6.37,-0.692,1.201,-1.251,50.0,5.63,3.224,-127.9,-6.826,-9.144,28.97,-21.656,23.8,20.1,6.1,CH,0.898,13,57,221.002,1580.892,"","",16,2013_03_31_texmlb_houmlb_1,2013_03_31_texmlb_houmlb_1_16,"","","",""
502032,435079,"","","","In play, out(s)","En juego, out(s)",X,4905,2013-04-01T00:49:05Z,89.27,124.34,130331_194903,92.2,84.2,3.4,1.5,-1.24,8.08,0.242,3.413,-1.096,50.0,5.813,3.982,-135.088,-3.121,-2.268,31.801,-17.301,23.7,4.3,4.0,FF,0.905,12,46,188.669,1615.756,"","",16,2013_03_31_texmlb_houmlb_1,2013_03_31_texmlb_houmlb_1_16,"","","",""
502032,462101,"","","",Called Strike,Strike cantado,S,4955,2013-04-01T00:49:55Z,68.67,145.06,130331_194953,91.0,83.2,3.25,1.5,-3.24,12.69,0.889,2.698,-1.125,50.0,5.801,6.382,-133.171,-6.331,-5.778,30.435,-9.462,23.7,21.8,2.7,FF,0.905,12,71,194.272,2553.088,"","",17,2013_03_31_texmlb_houmlb_1,2013_03_31_texmlb_houmlb_1_17,"","","",""
502032,462101,"","","",Ball,Bola mala,B,5015,2013-04-01T00:50:15Z,160.52,146.79,130331_195013,92.1,84.2,3.25,1.5,-5.42,9.04,-1.856,2.398,-1.558,50.0,5.606,1.075,-134.946,-5.576,-9.907,31.876,-15.592,23.7,29.8,4.3,FF,0.897,11,19,210.855,2076.641,"","",17,2013_03_31_texmlb_houmlb_1,2013_03_31_texmlb_houmlb_1_17,"","","",""
502032,462101,"","","",Foul,Foul,S,5039,2013-04-01T00:50:39Z,85.84,145.92,130331_195036,91.9,84.3,3.25,1.5,-1.59,11.77,0.425,2.583,-1.211,50.0,5.758,4.885,-134.515,-6.413,-2.906,30.212,-10.622,23.8,8.7,2.7,FF,0.905,6,38,187.678,2345.479,"","",17,2013_03_31_texmlb_houmlb_1,2013_03_31_texmlb_houmlb_1_17,"","","",""
502032,462101,"","","",Foul,Foul,S,5114,2013-04-01T00:51:14Z,121.89,104.48,130331_195112,92.0,83.6,3.25,1.5,-0.05,10.65,-0.659,4.274,-1.014,50.0,5.947,0.957,-134.89,-2.024,-0.085,33.007,-12.735,23.7,-0.6,3.0,FF,0.9,11,42,180.249,2090.742,"","",17,2013_03_31_texmlb_houmlb_1,2013_03_31_texmlb_houmlb_1_17,"","","",""
502032,462101,"","","","In play, out(s)","En juego, out(s)",X,5142,2013-04-01T00:51:42Z,100.43,145.06,130331_195140,84.6,78.3,3.25,1.5,5.54,0.51,0.047,2.493,-1.356,50.0,5.893,1.671,-124.025,-1.921,8.619,25.243,-31.302,23.8,-15.7,8.6,SL,0.902,5,16,95.777,1013.354,"","",17,2013_03_31_texmlb_houmlb_1,2013_03_31_texmlb_houmlb_1_17,"","","",""
457448,518625,"","","",Called Strike,Strike cantado,S,5431,2013-04-01T00:54:31Z,93.56,148.51,130331_195429,90.3,82.4,3.36,1.5,14.38,9.28,0.302,2.38,1.897,50.0,6.2,-8.978,-131.955,-6.845,25.114,30.625,-15.903,23.7,-52.9,6.7,FT,0.943,6,39,122.939,3290.024,"","",18,2013_03_31_texmlb_houmlb_1,2013_03_31_texmlb_houmlb_1_18,"","","",""
457448,518625,"","","",Ball,Bola mala,B,5443,2013-04-01T00:54:43Z,75.54,158.88,130331_195441,90.5,82.9,3.36,1.5,14.5,7.52,0.83,1.83,1.86,50.0,6.139,-7.578,-132.333,-7.59,25.491,30.518,-18.884,23.8,-49.2,7.3,FT,0.94,14,67,117.536,3151.615,"","",18,2013_03_31_texmlb_houmlb_1,2013_03_31_texmlb_houmlb_1_18,"","","",""
457448,518625,"","","",Foul,Foul,S,5455,2013-04-01T00:54:55Z,111.59,173.55,130331_195453,82.0,74.7,3.36,1.5,13.14,7.13,-0.246,1.265,1.938,50.0,5.962,-9.127,-119.73,-6.365,18.77,26.505,-21.909,23.7,-36.0,8.2,CH,0.919,13,44,118.674,2592.279,"","",18,2013_03_31_texmlb_houmlb_1,2013_03_31_texmlb_houmlb_1_18,"","","",""
457448,518625,"","","",Foul,Foul,S,5519,2013-04-01T00:55:19Z,133.05,141.61,130331_195517,92.6,85.1,3.36,1.5,15.46,6.57,-0.9,2.607,1.491,50.0,6.195,-11.735,-135.132,-5.828,28.579,29.587,-19.958,23.8,-50.9,7.4,FT,0.957,11,60,113.145,3336.801,"","",18,2013_03_31_texmlb_houmlb_1,2013_03_31_texmlb_houmlb_1_18,"","","",""
457448,518625,"","","",Foul,Foul,S,5536,2013-04-01T00:55:36Z,90.99,147.65,130331_195534,84.8,78.0,3.36,1.5,2.82,4.17,0.275,2.472,2.001,50.0,6.21,-5.116,-124.199,-3.9,4.381,26.325,-25.633,23.8,-7.3,7.0,FC,0.927,6,25,146.188,919.607,"","",18,2013_03_31_texmlb_houmlb_1,2013_03_31_texmlb_houmlb_1_18,"","","",""
457448,518625,"","","",Ball,Bola mala,B,5555,2013-04-01T00:55:55Z,12.88,175.28,130331_195553,81.6,75.4,3.36,1.5,12.08,5.65,2.711,1.307,2.388,50.0,5.934,-2.935,-119.477,-5.811,17.404,23.793,-23.96,23.8,-33.9,8.5,CH,0.923,14,35,115.266,2336.874,"","",18,2013_03_31_texmlb_houmlb_1,2013_03_31_texmlb_houmlb_1_18,"","","",""
457448,518625,"","","","In play, out(s)","En juego, out(s)",X,5610,2013-04-01T00:56:10Z,78.11,170.1,130331_195608,82.9,76.4,3.36,1.5,14.12,7.15,0.766,1.469,2.086,50.0,5.967,-7.534,-121.147,-6.244,20.928,24.32,-21.503,23.8,-40.7,8.2,CH,0.898,14,60,117.017,2813.2,"","",18,2013_03_31_texmlb_houmlb_1,2013_03_31_texmlb_houmlb_1_18,"","","",""
457448,488681,"","","",Ball,Bola mala,B,5649,2013-04-01T00:56:49Z,60.09,129.52,130331_195647,91.0,83.3,3.32,1.5,11.96,8.62,1.208,3.333,2.118,50.0,6.172,-6.458,-133.201,-4.262,21.352,30.27,-16.71,23.8,-48.4,6.1,FT,0.936,12,73,125.914,2871.446,"","",19,2013_03_31_texmlb_houmlb_1,2013_03_31_texmlb_houmlb_1_19,"","","",""
457448,488681,"","","",Ball,Bola mala,B,5700,2013-04-01T00:57:00Z,57.51,121.75,130331_195658,91.3,83.1,3.32,1.5,12.02,8.45,1.346,3.653,2.17,50.0,6.155,-6.256,-133.738,-3.337,21.485,32.273,-16.99,23.7,-48.4,6.1,FT,0.934,12,46,125.251,2853.976,"","",19,2013_03_31_texmlb_houmlb_1,2013_03_31_texmlb_houmlb_1_19,"","","",""
457448,488681,"","","",Swinging Strike,Strike tirándole,S,5723,2013-04-01T00:57:23Z,65.24,157.15,130331_195721,91.6,84.0,3.32,1.5,13.99,4.49,1.053,1.976,1.956,50.0,6.058,-7.165,-133.96,-6.211,25.226,31.034,-23.996,23.8,-43.0,7.8,FT,0.944,14,64,107.963,2871.944,"","",19,2013_03_31_texmlb_houmlb_1,2013_03_31_texmlb_houmlb_1_19,"","","",""
457448,488681,"","","",Swinging Strike,Strike tirándole,S,5738,2013-04-01T00:57:38Z,71.24,156.29,130331_195736,83.3,75.6,3.32,1.5,11.72,7.34,0.906,2.203,2.157,50.0,6.0,-6.608,-121.961,-4.613,17.299,28.394,-21.266,23.7,-35.4,7.6,CH,0.89,14,50,122.234,2432.73,"","",19,2013_03_31_texmlb_houmlb_1,2013_03_31_texmlb_houmlb_1_19,"","","",""
457448,488681,"","","",Swinging Strike,Strike tirándole,S,5755,2013-04-01T00:57:55Z,59.23,164.06,130331_195753,84.8,77.2,3.32,1.5,16.63,7.21,1.222,1.764,2.119,50.0,5.927,-7.415,-123.976,-5.786,25.451,28.587,-21.061,23.7,-46.8,8.7,CH,0.79,14,56,113.589,3249.846,"","",19,2013_03_31_texmlb_houmlb_1,2013_03_31_texmlb_houmlb_1_19,"","","",""
457448,430592,"","","",Called Strike,Strike cantado,S,5826,2013-04-01T00:58:26Z,74.68,152.83,130331_195824,92.3,84.7,3.15,1.5,14.27,4.57,0.693,2.193,1.908,50.0,6.048,-8.159,-135.042,-5.795,26.203,31.002,-23.701,23.8,-44.3,7.7,FT,0.95,6,54,107.92,2958.553,"","",20,2013_03_31_texmlb_houmlb_1,2013_03_31_texmlb_houmlb_1_20,"","","",""
457448,430592,"","","",Ball,Bola mala,B,5837,2013-04-01T00:58:37Z,98.71,186.51,130331_195835,92.1,84.5,3.15,1.5,14.37,5.65,0.096,0.818,1.854,50.0,5.824,-9.589,-134.454,-9.129,26.133,30.963,-21.828,23.8,-45.2,7.6,FT,0.949,14,30,111.599,3032.737,"","",20,2013_03_31_texmlb_houmlb_1,2013_03_31_texmlb_houmlb_1_20,"","","",""
457448,430592,"","","",Swinging Strike,Strike tirándole,S,5849,2013-04-01T00:58:49Z,116.74,134.7,130331_195847,93.1,85.0,3.15,1.5,11.59,10.64,-0.501,2.903,1.635,50.0,6.146,-9.747,-136.115,-6.389,21.574,32.126,-12.306,23.7,-54.5,5.2,FT,0.935,1,56,132.644,3126.005,"","",20,2013_03_31_texmlb_houmlb_1,2013_03_31_texmlb_houmlb_1_20,"","","",""
457448,430592,"","","",Ball,Bola mala,B,5903,2013-04-01T00:59:03Z,131.33,132.97,130331_195901,93.3,84.8,3.15,1.5,12.36,10.86,-0.946,3.23,1.549,50.0,6.095,-10.976,-136.294,-5.452,23.003,32.989,-11.902,23.7,-57.0,5.3,FT,0.946,11,75,131.39,3263.703,"","",20,2013_03_31_texmlb_houmlb_1,2013_03_31_texmlb_houmlb_1_20,"","","",""
457448,430592,"","","","In play, out(s)","En juego, out(s)",X,5916,2013-04-01T00:59:16Z,115.88,148.51,130331_195914,92.8,84.9,3.15,1.5,14.84,6.4,-0.504,2.403,1.618,50.0,6.071,-10.802,-135.584,-5.996,27.443,31.417,-20.265,23.8,-49.2,7.3,FT,0.956,4,46,113.459,3201.042,"","",20,2013_03_31_texmlb_houmlb_1,2013_03_31_texmlb_houmlb_1_20,"","","",""
502032,204020,"","","",Called Strike,Strike cantado,S,10218,2013-04-01T01:02:18Z,117.6,163.19,130331_200216,81.8,75.6,3.42,1.5,6.13,0.6,-0.62,1.679,-1.398,50.0,5.921,-0.04,-119.964,-3.406,8.877,24.655,-31.234,23.8,-15.5,9.3,SL,0.903,7,80,96.045,1079.54,"","",21,2013_03_31_texmlb_houmlb_1,2013_03_31_texmlb_houmlb_1_21,"","","",""
502032,204020,"","","","In play, no out","En juego, no out",X,10234,2013-04-01T01:02:34Z,121.03,117.43,130331_200231,92.3,84.8,3.42,1.5,-3.25,9.78,-0.638,3.646,-1.363,50.0,5.787,3.063,-135.354,-3.095,-6.018,30.166,-13.994,23.8,20.0,3.4,FF,0.905,11,58,198.314,2052.597,"","",21,2013_03_31_texmlb_houmlb_1,2013_03_31_texmlb_houmlb_1_21,"","","",""
502032,134181,204020,"","",Ball,Bola mala,B,10323,2013-04-01T01:03:23Z,76.39,120.88,130331_200321,83.1,76.9,3.52,1.5,6.75,-0.42,0.812,3.52,-1.288,50.0,6.019,2.943,-121.913,0.793,10.146,24.298,-32.725,23.8,-18.1,9.3,SL,0.903,12,90,86.891,1209.168,"","",22,2013_03_31_texmlb_houmlb_1,2013_03_31_texmlb_houmlb_1_22,"","","",""
502032,134181,204020,"","","In play, out(s)","En juego, out(s)",X,10346,2013-04-01T01:03:46Z,92.7,120.02,130331_200344,90.8,82.4,3.52,1.5,0.95,11.21,0.14,3.819,-1.045,50.0,5.989,2.774,-133.111,-3.306,1.671,32.859,-12.317,23.7,-10.1,3.1,FC,0.894,12,48,175.192,2171.872,"","",22,2013_03_31_texmlb_houmlb_1,2013_03_31_texmlb_houmlb_1_22,"","","",""
502032,461815,204020,"","",Called Strike,Strike cantado,S,10441,2013-04-01T01:04:41Z,97.0,143.33,130331_200439,83.3,77.4,3.76,1.5,5.34,1.51,0.105,2.59,-1.322,50.0,5.868,1.769,-122.191,-1.745,8.106,23.371,-29.817,23.8,-15.6,8.4,SL,0.902,5,49,106.213,1002.292,"","",23,2013_03_31_texmlb_houmlb_1,2013_03_31_texmlb_houmlb_1_23,"","","",""
502032,461815,204020,"","",Foul,Foul,S,10507,2013-04-01T01:05:07Z,141.63,138.15,130331_200505,91.1,82.9,3.76,1.5,-5.87,7.8,-1.227,2.734,-1.323,50.0,5.782,2.245,-133.515,-4.501,-10.434,32.84,-18.24,23.7,27.1,5.0,FF,0.854,11,46,216.825,1891.521,"","",23,2013_03_31_texmlb_houmlb_1,2013_03_31_texmlb_houmlb_1_23,"","","",""
502032,461815,204020,"","",Foul,Foul,S,10539,2013-04-01T01:05:39Z,62.66,177.01,130331_200537,84.2,78.5,3.76,1.5,6.04,0.21,1.279,1.326,-1.278,50.0,5.759,4.323,-123.357,-4.287,9.323,23.983,-31.779,23.9,-17.1,8.9,SL,0.903,14,60,92.426,1097.447,"","",23,2013_03_31_texmlb_houmlb_1,2013_03_31_texmlb_houmlb_1_23,"","","",""
502032,461815,204020,"","",Ball,Bola mala,B,10632,2013-04-01T01:06:32Z,139.91,164.92,130331_200630,85.5,79.1,3.76,1.5,-5.25,5.22,-1.153,1.814,-1.22,50.0,5.733,1.854,-125.347,-4.892,-8.35,25.308,-23.799,23.8,17.9,6.6,CH,0.903,13,55,224.913,1368.8,"","",23,2013_03_31_texmlb_houmlb_1,2013_03_31_texmlb_houmlb_1_23,"","","",""
502032,461815,204020,"","",Foul,Foul,S,10702,2013-04-01T01:07:02Z,85.84,170.96,130331_200700,85.2,78.8,3.76,1.5,-5.78,4.11,0.317,1.34,-1.037,50.0,5.72,5.185,-124.782,-5.585,-9.112,25.292,-25.62,23.8,17.0,7.2,CH,0.904,14,46,234.273,1304.99,"","",23,2013_03_31_texmlb_houmlb_1,2013_03_31_texmlb_houmlb_1_23,"","","",""
502032,461815,204020,"","",Ball In Dirt,Bola por el suelo,B,10738,2013-04-01T01:07:38Z,97.85,197.73,130331_200736,84.4,78.2,3.76,1.5,5.15,1.51,0.147,0.403,-1.341,50.0,5.653,1.994,-123.62,-6.67,7.93,25.903,-29.778,23.8,-14.9,8.5,SL,0.902,14,20,106.812,972.203,"","",23,2013_03_31_texmlb_houmlb_1,2013_03_31_texmlb_houmlb_1_23,"","","",""
502032,461815,204020,"","",Ball,Bola mala,B,10810,2013-04-01T01:08:10Z,145.92,116.57,130331_200808,92.4,83.9,3.76,1.5,-2.28,11.33,-1.356,3.689,-1.365,50.0,5.837,0.809,-135.426,-3.569,-4.169,33.576,-11.372,23.7,18.0,2.9,FF,0.905,11,33,191.331,2272.775,"","",23,2013_03_31_texmlb_houmlb_1,2013_03_31_texmlb_houmlb_1_23,"","","",""
502032,461815,204020,"","","In play, out(s)","En juego, out(s)",X,10916,2013-04-01T01:09:16Z,105.58,140.74,130331_200914,91.5,83.7,3.76,1.5,0.07,10.13,-0.164,2.817,-1.179,50.0,5.815,2.654,-134.058,-5.29,0.126,31.106,-13.819,23.8,-2.8,3.4,FF,0.718,5,27,179.609,1986.434,"","",23,2013_03_31_texmlb_houmlb_1,2013_03_31_texmlb_houmlb_1_23,"","","",""
502032,443558,204020,"","",Swinging Strike,Strike tirándole,S,11006,2013-04-01T01:10:06Z,85.84,170.96,130331_201004,86.5,80.2,3.73,1.5,2.01,3.47,0.433,1.362,-1.374,50.0,5.728,3.867,-126.698,-5.633,3.267,25.835,-26.458,23.8,-8.2,6.9,SL,0.884,14,79,150.251,753.888,"","",24,2013_03_31_texmlb_houmlb_1,2013_03_31_texmlb_houmlb_1_24,"","","",""
502032,443558,204020,"","",Swinging Strike,Strike tirándole,S,11029,2013-04-01T01:10:29Z,91.85,162.33,130331_201027,84.9,78.4,3.73,1.5,5.0,2.23,0.212,1.893,-1.265,50.0,5.854,2.032,-124.433,-3.876,7.801,25.958,-28.622,23.8,-15.5,7.9,SL,0.902,8,31,114.482,999.375,"","",24,2013_03_31_texmlb_houmlb_1,2013_03_31_texmlb_houmlb_1_24,"","","",""
502032,443558,204020,"","",Ball,Bola mala,B,11057,2013-04-01T01:10:57Z,51.5,145.06,130331_201055,84.0,77.9,3.73,1.5,6.71,-1.4,1.481,2.501,-1.222,50.0,5.86,4.445,-123.089,-1.104,10.277,24.9,-34.244,23.8,-17.8,9.6,SL,0.903,14,14,78.612,1235.62,"","",24,2013_03_31_texmlb_houmlb_1,2013_03_31_texmlb_houmlb_1_24,"","","",""
502032,443558,204020,"","","In play, out(s)","En juego, out(s)",X,11126,2013-04-01T01:11:26Z,138.2,146.79,130331_201124,91.8,83.8,3.73,1.5,-1.35,11.06,-1.032,2.524,-1.386,50.0,5.587,1.4,-134.537,-5.828,-2.454,31.869,-12.026,23.7,9.0,3.0,FF,0.905,13,47,186.943,2188.72,"","",24,2013_03_31_texmlb_houmlb_1,2013_03_31_texmlb_houmlb_1_24,"","","",""
457448,514888,"","","",Ball,Bola mala,B,11413,2013-04-01T01:14:13Z,82.4,124.34,130331_201411,88.6,80.8,2.79,1.5,12.76,9.01,0.625,3.447,1.888,50.0,6.378,-7.438,-129.736,-4.157,21.514,29.863,-16.916,23.7,-48.0,6.4,FT,0.907,12,49,125.345,2949.442,"","",25,2013_03_31_texmlb_houmlb_1,2013_03_31_texmlb_houmlb_1_25,"","","",""
457448,514888,"","","",Called Strike,Strike cantado,S,11425,2013-04-01T01:14:25Z,79.83,165.78,130331_201423,90.0,82.7,2.79,1.5,14.29,6.28,0.643,1.656,1.879,50.0,6.119,-8.006,-131.534,-7.479,24.889,29.367,-21.158,23.8,-45.5,7.6,FT,0.931,9,61,113.875,3002.057,"","",25,2013_03_31_texmlb_houmlb_1,2013_03_31_texmlb_houmlb_1_25,"","","",""
457448,514888,"","","","In play, out(s)","En juego, out(s)",X,11439,2013-04-01T01:14:39Z,101.29,148.51,130331_201437,91.6,83.8,2.79,1.5,13.51,7.37,-0.042,2.365,1.802,50.0,6.112,-9.48,-133.863,-6.307,24.348,30.669,-18.812,23.8,-47.7,6.8,FT,0.948,2,34,118.758,3010.042,"","",25,2013_03_31_texmlb_houmlb_1,2013_03_31_texmlb_houmlb_1_25,"","","",""
457448,477165,"","","",Called Strike,Strike cantado,S,11530,2013-04-01T01:15:30Z,125.32,150.24,130331_201527,84.6,77.8,3.61,1.5,5.12,3.94,-0.751,2.417,1.986,50.0,6.246,-8.287,-123.788,-3.989,7.882,26.328,-26.036,23.8,-13.1,7.3,FC,0.899,13,60,127.91,1170.822,"","",26,2013_03_31_texmlb_houmlb_1,2013_03_31_texmlb_houmlb_1_26,"","","",""
457448,477165,"","","",Swinging Strike,Strike tirándole,S,11542,2013-04-01T01:15:42Z,110.73,200.32,130331_201540,80.0,73.9,3.61,1.5,5.25,-3.93,-0.27,0.175,1.929,50.0,6.195,-6.609,-117.0,-5.655,7.164,25.148,-37.473,23.8,-8.8,11.6,CU,0.906,13,20,53.51,1104.925,"","",26,2013_03_31_texmlb_houmlb_1,2013_03_31_texmlb_houmlb_1_26,"","","",""
457448,477165,"","","",Foul,Foul,S,11604,2013-04-01T01:16:04Z,118.45,136.43,130331_201602,85.7,78.5,3.61,1.5,4.87,2.99,-0.605,2.84,1.926,50.0,6.22,-7.801,-125.456,-2.79,7.684,27.633,-27.382,23.8,-12.2,7.4,FC,0.918,4,40,121.95,1047.217,"","",26,2013_03_31_texmlb_houmlb_1,2013_03_31_texmlb_houmlb_1_26,"","","",""
457448,477165,"","","","In play, no out","En juego, no out",X,11626,2013-04-01T01:16:26Z,109.01,141.61,130331_201623,93.7,84.7,3.61,1.5,11.77,9.71,-0.367,2.783,1.568,50.0,6.269,-9.275,-136.995,-6.737,21.911,35.91,-14.014,23.7,-51.1,5.5,FT,0.924,4,43,129.653,3013.75,Matt Harrison had Brett Wallace down 0-2 but could not put him away.,"",26,2013_03_31_texmlb_houmlb_1,2013_03_31_texmlb_houmlb_1_26,"","","",""
457448,474892,477165,"","",Called Strike,Strike cantado,S,11703,2013-04-01T01:17:03Z,70.39,151.1,130331_201701,82.9,74.7,3.57,1.5,12.96,7.69,0.933,2.31,2.126,50.0,6.046,-6.794,-121.379,-4.419,18.79,30.058,-20.959,23.7,-37.9,7.9,CH,0.904,14,72,120.832,2615.496,"","",27,2013_03_31_texmlb_houmlb_1,2013_03_31_texmlb_houmlb_1_27,"","","",""
457448,474892,477165,"","",Swinging Strike,Strike tirándole,S,11723,2013-04-01T01:17:23Z,82.4,127.79,130331_201721,92.4,84.1,3.57,1.5,13.76,7.12,0.567,3.293,1.956,50.0,6.188,-8.426,-135.209,-4.092,25.163,32.898,-19.091,23.7,-49.1,6.8,FT,0.952,3,59,117.472,3043.104,"","",27,2013_03_31_texmlb_houmlb_1,2013_03_31_texmlb_houmlb_1_27,"","","",""
457448,474892,477165,"","",Foul,Foul,S,11744,2013-04-01T01:17:44Z,90.13,151.97,130331_201741,93.5,85.0,3.57,1.5,13.17,9.33,0.308,2.245,1.809,50.0,6.155,-8.604,-136.645,-7.747,24.563,34.011,-14.702,23.7,-53.6,6.1,FT,0.953,6,42,125.426,3200.351,"","",27,2013_03_31_texmlb_houmlb_1,2013_03_31_texmlb_houmlb_1_27,"","","",""
457448,474892,477165,"","",Called Strike,Strike cantado,S,11818,2013-04-01T01:18:18Z,130.47,129.52,130331_201816,93.5,85.2,3.57,1.5,12.94,9.68,-0.833,3.166,1.544,50.0,6.254,-10.899,-136.627,-5.701,24.246,32.597,-13.961,23.7,-54.8,5.8,FT,0.952,11,66,126.914,3220.037,"","",27,2013_03_31_texmlb_houmlb_1,2013_03_31_texmlb_houmlb_1_27,"","","",""
457448,150289,477165,"","",Foul,Foul,S,11859,2013-04-01T01:18:59Z,69.53,139.02,130331_201856,92.3,84.6,3.13,1.5,14.15,7.8,0.947,2.846,1.958,50.0,6.11,-7.576,-135.102,-5.345,26.001,31.092,-17.773,23.8,-52.0,6.8,FT,0.955,12,68,118.981,3191.752,"","",28,2013_03_31_texmlb_houmlb_1,2013_03_31_texmlb_houmlb_1_28,"","","",""
457448,150289,477165,"","",Ball,Bola mala,B,11926,2013-04-01T01:19:26Z,138.2,164.06,130331_201924,93.6,85.0,3.13,1.5,13.66,8.66,-1.076,1.72,1.757,50.0,6.058,-12.329,-136.476,-8.632,25.395,34.074,-16.003,23.7,-51.0,6.3,FT,0.953,13,68,122.489,3200.425,"","",28,2013_03_31_texmlb_houmlb_1,2013_03_31_texmlb_houmlb_1_28,"","","",""
457448,150289,477165,"","","In play, no out","En juego, no out",X,12010,2013-04-01T01:20:10Z,115.02,162.33,130331_202007,88.8,80.6,3.13,1.5,8.31,6.48,-0.397,1.923,1.916,50.0,6.053,-8.618,-129.805,-6.322,13.913,31.982,-21.246,23.7,-27.6,6.3,FF,0.613,7,42,128.149,1977.324,"","",28,2013_03_31_texmlb_houmlb_1,2013_03_31_texmlb_houmlb_1_28,"","","",""
457448,452239,150289,477165,"",Ball,Bola mala,B,12139,2013-04-01T01:21:39Z,102.15,174.42,130331_202122,92.9,85.3,3.6,1.5,13.6,7.92,1.135,1.898,1.973,50.0,6.027,-6.97,-135.909,-7.811,25.312,31.233,-17.37,23.8,-51.2,6.7,FT,0.954,14,67,120.322,3130.162,"","",29,2013_03_31_texmlb_houmlb_1,2013_03_31_texmlb_houmlb_1_29,"","","",""
457448,452239,150289,477165,"","In play, run(s)","En juego, carrera(s)",X,12227,2013-04-01T01:22:27Z,102.15,144.2,130331_202141,86.9,80.8,3.5,1.5,4.41,1.53,-0.472,2.217,1.761,50.0,6.161,-7.066,-127.244,-4.051,7.268,24.875,-29.583,23.8,-11.2,7.6,FC,0.917,4,36,109.621,879.749,"","",29,2013_03_31_texmlb_houmlb_1,2013_03_31_texmlb_houmlb_1_29,"","","",""
457448,488771,"","",452239,Foul,Foul,S,12400,2013-04-01T01:24:00Z,109.87,161.47,130331_202457,90.2,82.7,3.59,1.5,13.19,9.02,0.783,2.169,2.071,50.0,6.071,-7.794,-131.925,-6.998,23.105,29.603,-16.304,23.8,-50.2,6.5,FT,0.937,14,61,124.485,3082.499,"","",30,2013_03_31_texmlb_houmlb_1,2013_03_31_texmlb_houmlb_1_30,"","","",""
457448,488771,"","",452239,Ball,Bola mala,B,12459,2013-04-01T01:24:59Z,73.82,156.29,130331_202518,89.9,82.6,3.54,1.68,13.7,8.69,0.047,1.839,1.943,50.0,6.07,-9.515,-131.31,-7.675,23.848,28.6,-16.975,23.8,-49.6,6.7,FT,0.936,8,43,122.511,3124.481,"","",30,2013_03_31_texmlb_houmlb_1,2013_03_31_texmlb_houmlb_1_30,"","","",""
457448,488771,"","",452239,Ball,Bola mala,B,12535,2013-04-01T01:25:35Z,58.37,176.14,130331_202533,90.8,83.2,3.59,1.5,13.52,8.97,1.301,1.162,1.978,50.0,6.021,-6.346,-132.669,-9.571,23.908,30.52,-16.25,23.8,-50.7,6.7,FT,0.938,14,46,123.666,3141.257,"","",30,2013_03_31_texmlb_houmlb_1,2013_03_31_texmlb_houmlb_1_30,"","","",""
457448,488771,"","",452239,"In play, out(s)","En juego, out(s)",X,12554,2013-04-01T01:25:54Z,89.27,150.24,130331_202552,91.6,84.1,3.59,1.5,14.32,8.4,0.343,2.337,1.937,50.0,6.088,-9.115,-133.802,-6.697,25.911,29.442,-16.913,23.8,-52.6,6.8,FT,0.953,6,42,120.498,3260.548,"","",30,2013_03_31_texmlb_houmlb_1,2013_03_31_texmlb_houmlb_1_30,"","","",""
502032,150229,"","","",Called Strike,Strike cantado,S,12905,2013-04-01T01:29:05Z,107.3,154.56,130331_202903,83.3,76.3,3.6,1.5,-3.65,3.42,-0.147,2.184,-1.084,50.0,5.882,3.384,-122.101,-3.243,-5.453,26.683,-26.997,23.8,9.8,7.7,CH,0.902,8,49,226.486,893.403,"","",31,2013_03_31_texmlb_houmlb_1,2013_03_31_texmlb_houmlb_1_31,"","","",""
502032,150229,"","","",Ball,Bola mala,B,12921,2013-04-01T01:29:21Z,159.66,137.29,130331_202919,83.1,75.8,3.6,1.5,-4.38,1.73,-1.71,2.826,-1.413,50.0,5.88,0.648,-121.908,-1.125,-6.49,27.549,-29.532,23.7,12.0,8.4,CH,0.902,11,20,247.849,833.896,"","",31,2013_03_31_texmlb_houmlb_1,2013_03_31_texmlb_houmlb_1_31,"","","",""
502032,150229,"","","",Foul,Foul,S,12938,2013-04-01T01:29:38Z,102.15,149.38,130331_202936,81.7,76.4,3.6,1.5,7.12,-0.93,-0.052,2.453,-1.325,50.0,5.913,0.822,-119.748,-1.161,10.433,21.132,-33.458,23.9,-17.4,9.7,SL,0.903,5,18,82.984,1273.525,"","",31,2013_03_31_texmlb_houmlb_1,2013_03_31_texmlb_houmlb_1_31,"","","",""
502032,150229,"","","",Swinging Strike,Strike tirándole,S,13034,2013-04-01T01:30:34Z,125.32,107.93,130331_203032,91.1,83.8,3.6,1.5,-2.99,9.51,-0.797,4.074,-1.359,50.0,5.794,2.508,-133.632,-1.713,-5.413,28.786,-14.906,23.8,17.7,3.6,FF,0.905,11,44,197.403,1964.658,"","",31,2013_03_31_texmlb_houmlb_1,2013_03_31_texmlb_houmlb_1_31,"","","",""
502032,519048,"","","",Ball,Bola mala,B,13113,2013-04-01T01:31:13Z,148.5,119.16,130331_203111,89.6,82.4,3.52,1.5,-4.19,7.48,-1.484,3.623,-1.402,50.0,5.826,1.197,-131.372,-2.038,-7.308,28.129,-19.042,23.8,19.9,4.8,FF,0.903,11,54,209.095,1659.646,"","",32,2013_03_31_texmlb_houmlb_1,2013_03_31_texmlb_houmlb_1_32,"","","",""
502032,519048,"","","",Foul,Foul,S,13129,2013-04-01T01:31:29Z,92.7,154.56,130331_203127,82.2,76.6,3.52,1.5,6.36,-2.08,0.238,2.287,-1.349,50.0,5.928,1.81,-120.468,-1.294,9.389,22.488,-35.165,23.9,-15.3,10.1,SL,0.903,6,25,72.33,1186.694,"","",32,2013_03_31_texmlb_houmlb_1,2013_03_31_texmlb_houmlb_1_32,"","","",""
502032,519048,"","","",Ball,Bola mala,B,13158,2013-04-01T01:31:58Z,156.22,151.1,130331_203156,90.3,82.7,3.52,1.5,-4.1,9.86,-1.699,2.147,-1.44,50.0,5.685,0.71,-132.313,-6.378,-7.203,30.267,-14.751,23.8,23.5,4.1,FF,0.905,13,23,202.46,2067.214,"","",32,2013_03_31_texmlb_houmlb_1,2013_03_31_texmlb_houmlb_1_32,"","","",""
502032,519048,"","","","In play, out(s)","En juego, out(s)",X,13221,2013-04-01T01:32:21Z,145.92,151.97,130331_203219,84.8,77.7,3.52,1.5,-6.52,2.99,-1.335,2.296,-1.354,50.0,5.667,2.113,-124.354,-2.613,-10.098,27.6,-27.479,23.8,19.0,7.8,CH,0.904,13,19,245.064,1299.198,"","",32,2013_03_31_texmlb_houmlb_1,2013_03_31_texmlb_houmlb_1_32,"","","",""
502032,547982,"","","","In play, out(s)","En juego, out(s)",X,13308,2013-04-01T01:33:08Z,112.45,163.19,130331_203306,84.5,77.9,3.31,1.5,-5.7,5.68,-0.318,1.702,-1.168,50.0,5.738,3.878,-123.823,-5.072,-8.81,25.691,-23.316,23.8,18.3,6.7,CH,0.904,7,62,224.843,1463.777,"","",33,2013_03_31_texmlb_houmlb_1,2013_03_31_texmlb_houmlb_1_33,"","","",""
457448,518625,"","","",Ball,Bola mala,B,13545,2013-04-01T01:35:45Z,41.2,142.47,130331_203543,81.0,74.4,3.36,1.5,11.97,8.15,1.87,2.578,2.237,50.0,6.166,-4.486,-118.629,-3.98,16.949,24.091,-20.559,23.8,-37.0,7.7,CH,0.924,12,41,124.423,2512.804,"","",34,2013_03_31_texmlb_houmlb_1,2013_03_31_texmlb_houmlb_1_34,"","","",""
457448,518625,"","","",Called Strike,Strike cantado,S,13556,2013-04-01T01:35:56Z,72.1,133.84,130331_203554,89.4,82.0,3.36,1.5,12.94,6.82,0.887,2.985,1.959,50.0,6.2,-7.096,-130.825,-4.344,22.329,28.82,-20.335,23.8,-44.4,7.0,FT,0.923,12,67,117.933,2802.694,"","",34,2013_03_31_texmlb_houmlb_1,2013_03_31_texmlb_houmlb_1_34,"","","",""
457448,518625,"","","",Ball,Bola mala,B,13616,2013-04-01T01:36:16Z,84.98,190.82,130331_203614,81.9,75.2,3.36,1.5,14.88,6.52,0.5,0.572,2.013,50.0,5.9,-8.097,-119.583,-7.688,21.343,25.153,-22.753,23.8,-39.1,8.9,CH,0.919,14,34,113.818,2830.372,"","",34,2013_03_31_texmlb_houmlb_1,2013_03_31_texmlb_houmlb_1_34,"","","",""
457448,518625,"","","",Ball,Bola mala,B,13634,2013-04-01T01:36:34Z,59.23,183.05,130331_203632,82.1,75.4,3.36,1.5,11.57,5.71,1.296,1.007,2.165,50.0,5.899,-5.594,-120.039,-6.501,16.734,25.173,-23.844,23.8,-31.9,8.3,CH,0.92,14,21,116.464,2259.181,"","",34,2013_03_31_texmlb_houmlb_1,2013_03_31_texmlb_houmlb_1_34,"","","",""
457448,518625,"","","",Swinging Strike,Strike tirándole,S,13649,2013-04-01T01:36:49Z,89.27,120.88,130331_203647,90.6,83.3,3.36,1.5,12.5,7.52,0.332,3.413,1.87,50.0,6.209,-8.273,-132.553,-3.737,22.226,28.402,-18.728,23.8,-46.4,6.5,FT,0.941,12,57,121.173,2843.132,"","",34,2013_03_31_texmlb_houmlb_1,2013_03_31_texmlb_houmlb_1_34,"","","",""
457448,518625,"","","",Foul,Foul,S,13704,2013-04-01T01:37:04Z,83.26,153.69,130331_203702,92.3,85.1,3.36,1.5,14.5,5.97,0.59,2.066,1.76,50.0,6.111,-8.132,-134.98,-6.815,26.722,29.608,-21.102,23.8,-48.0,7.4,FT,0.954,9,54,112.507,3108.894,"","",34,2013_03_31_texmlb_houmlb_1,2013_03_31_texmlb_houmlb_1_34,"","","",""
457448,518625,"","","",Swinging Strike,Strike tirándole,S,13724,2013-04-01T01:37:24Z,72.96,140.74,130331_203721,83.6,76.4,3.36,1.5,14.14,7.06,0.865,2.659,2.024,50.0,6.045,-7.195,-122.296,-3.667,21.197,26.37,-21.514,23.7,-41.5,8.1,CH,0.854,12,50,116.698,2814.649,"","",34,2013_03_31_texmlb_houmlb_1,2013_03_31_texmlb_houmlb_1_34,"","","",""
457448,488681,"","","",Ball,Bola mala,B,13757,2013-04-01T01:37:57Z,56.65,121.75,130331_203755,91.2,84.4,3.32,1.5,14.26,4.53,1.338,3.438,1.922,50.0,6.251,-6.441,-133.524,-2.915,25.882,27.253,-23.873,23.8,-45.2,7.7,FT,0.95,12,47,107.783,2953.261,"","",35,2013_03_31_texmlb_houmlb_1,2013_03_31_texmlb_houmlb_1_35,"","","",""
457448,488681,"","","",Ball,Bola mala,B,13809,2013-04-01T01:38:09Z,60.94,102.75,130331_203807,91.3,83.7,3.32,1.5,14.68,5.82,1.249,4.26,2.063,50.0,6.319,-7.166,-133.719,-1.323,26.464,30.062,-21.616,23.8,-48.6,7.5,FT,0.953,12,55,111.75,3091.274,"","",35,2013_03_31_texmlb_houmlb_1,2013_03_31_texmlb_houmlb_1_35,"","","",""
457448,488681,"","","",Ball,Bola mala,B,13824,2013-04-01T01:38:24Z,60.94,126.93,130331_203822,90.7,83.4,3.32,1.5,13.7,6.19,1.166,3.249,1.93,50.0,6.166,-6.663,-132.758,-3.619,24.408,28.895,-21.069,23.8,-46.5,7.2,FT,0.945,12,71,114.465,2930.404,"Matt Harrison is having trouble locating his two-seam fastball, missing the strike zone with his last three.","",35,2013_03_31_texmlb_houmlb_1,2013_03_31_texmlb_houmlb_1_35,"","","",""
457448,488681,"","","",Ball,Bola mala,B,13838,2013-04-01T01:38:38Z,71.24,151.97,130331_203836,90.1,82.1,3.32,1.5,12.64,11.49,1.0,2.394,1.941,50.0,6.019,-6.682,-131.837,-7.051,21.986,31.085,-12.11,23.7,-56.1,5.8,FT,0.933,14,57,132.384,3275.436,"","",35,2013_03_31_texmlb_houmlb_1,2013_03_31_texmlb_houmlb_1_35,"","","",""
457448,430592,488681,"","","In play, run(s)","En juego, carrera(s)",X,13936,2013-04-01T01:39:36Z,89.27,107.07,130331_203934,90.9,83.8,3.15,1.5,13.11,4.36,0.35,4.123,1.856,50.0,6.301,-8.444,-133.108,-1.118,23.579,27.957,-24.262,23.8,-41.7,7.4,FT,0.943,12,40,108.55,2710.767,"","",36,2013_03_31_texmlb_houmlb_1,2013_03_31_texmlb_houmlb_1_36,"","","",""
457448,514888,"","",430592,Foul,Foul,S,14041,2013-04-01T01:40:41Z,127.9,136.43,130331_204039,87.0,79.8,2.79,1.5,3.13,4.28,-0.802,2.792,1.789,50.0,6.235,-7.506,-127.37,-3.608,5.089,28.328,-25.135,23.8,-7.7,6.5,FC,0.93,11,76,144.135,989.354,"","",37,2013_03_31_texmlb_houmlb_1,2013_03_31_texmlb_houmlb_1_37,"","","",""
457448,514888,"","",430592,Ball,Bola mala,B,14108,2013-04-01T01:41:08Z,131.33,118.29,130331_204105,92.6,84.4,2.79,1.5,10.25,8.46,-1.02,3.764,1.521,50.0,6.334,-10.304,-135.331,-3.736,18.84,31.885,-16.542,23.7,-43.4,5.3,FT,0.795,11,56,129.684,2624.393,"","",37,2013_03_31_texmlb_houmlb_1,2013_03_31_texmlb_houmlb_1_37,"","","",""
457448,514888,"","",430592,Foul,Foul,S,14129,2013-04-01T01:41:29Z,89.27,152.83,130331_204127,92.7,85.2,2.79,1.5,13.72,5.76,0.385,2.132,1.891,50.0,6.036,-8.78,-135.48,-6.419,25.424,30.422,-21.418,23.8,-45.9,7.2,FT,0.952,6,41,112.932,2956.139,"","",37,2013_03_31_texmlb_houmlb_1,2013_03_31_texmlb_houmlb_1_37,"","","",""
457448,514888,"","",430592,"In play, run(s)","En juego, carrera(s)",X,14156,2013-04-01T01:41:56Z,94.42,126.06,130331_204154,92.2,84.7,2.79,1.5,14.31,6.62,0.132,3.518,1.68,50.0,6.26,-9.065,-134.811,-3.551,26.316,29.555,-19.921,23.8,-49.7,7.1,FT,0.955,12,32,114.968,3123.957,"","",37,2013_03_31_texmlb_houmlb_1,2013_03_31_texmlb_houmlb_1_37,"","","",""
457448,477165,514888,"","",Ball,Bola mala,B,14342,2013-04-01T01:43:42Z,53.22,128.65,130331_204340,91.3,83.3,3.54,1.65,13.76,7.02,1.486,3.218,2.027,50.0,6.194,-6.103,-133.672,-4.095,24.606,31.917,-19.551,23.7,-48.5,7.0,FT,0.947,12,39,117.159,3001.473,"","",38,2013_03_31_texmlb_houmlb_1,2013_03_31_texmlb_houmlb_1_38,"","","",""
457448,477165,514888,"","",Ball,Bola mala,B,14401,2013-04-01T01:44:01Z,48.07,122.61,130331_204359,90.4,83.0,3.54,1.65,13.16,7.37,1.602,3.583,2.1,50.0,6.147,-5.758,-132.419,-3.041,23.279,29.258,-19.068,23.8,-48.2,6.8,FT,0.943,12,45,119.38,2926.87,"","",38,2013_03_31_texmlb_houmlb_1,2013_03_31_texmlb_houmlb_1_38,"","","",""
457448,477165,514888,"","",Swinging Strike,Strike tirándole,S,14431,2013-04-01T01:44:31Z,71.24,152.83,130331_204429,91.2,83.2,3.54,1.65,16.31,5.97,0.93,2.155,1.999,50.0,6.082,-8.341,-133.311,-6.186,29.024,31.679,-21.486,23.7,-49.8,8.1,FT,0.95,14,65,110.217,3365.947,"","",38,2013_03_31_texmlb_houmlb_1,2013_03_31_texmlb_houmlb_1_38,"","","",""
457448,477165,514888,"","",Swinging Strike,Strike tirándole,S,14455,2013-04-01T01:44:55Z,66.09,141.61,130331_204453,91.0,82.7,3.54,1.65,16.62,4.6,1.16,2.74,2.044,50.0,6.008,-7.931,-133.201,-3.946,29.366,32.972,-23.97,23.7,-47.8,8.5,FT,0.948,12,58,105.609,3320.921,"","",38,2013_03_31_texmlb_houmlb_1,2013_03_31_texmlb_houmlb_1_38,"","","",""
457448,477165,514888,"","",Swinging Strike (Blocked),Strike tirándole (Bloqueado),S,14521,2013-04-01T01:45:21Z,75.54,183.05,130331_204519,82.3,75.3,3.54,1.65,14.01,6.53,0.803,0.914,2.069,50.0,5.815,-7.276,-120.258,-6.774,20.242,26.172,-22.659,23.8,-37.9,8.6,CH,0.916,14,44,115.177,2698.312,"","",38,2013_03_31_texmlb_houmlb_1,2013_03_31_texmlb_houmlb_1_38,"","","",""
457448,474892,514888,"","",Ball,Bola mala,B,14557,2013-04-01T01:45:57Z,66.95,132.97,130331_204555,91.9,84.2,3.57,1.71,12.39,6.26,1.041,3.027,1.972,50.0,6.205,-6.721,-134.487,-4.51,22.549,30.784,-20.702,23.8,-44.1,6.8,FT,0.941,12,64,116.966,2729.189,"","",39,2013_03_31_texmlb_houmlb_1,2013_03_31_texmlb_houmlb_1_39,"","","",""
457448,474892,514888,"","","In play, out(s)","En juego, out(s)",X,14617,2013-04-01T01:46:17Z,64.38,130.38,130331_204615,90.8,83.9,3.57,1.71,12.93,6.81,0.947,3.084,1.961,50.0,6.118,-7.082,-132.961,-4.193,23.22,27.737,-19.874,23.8,-46.4,6.8,FT,0.945,12,65,117.911,2867.126,"","",39,2013_03_31_texmlb_houmlb_1,2013_03_31_texmlb_houmlb_1_39,"","","",""
502032,435079,"","","",Ball,Bola mala,B,14918,2013-04-01T01:49:18Z,112.45,172.69,130331_204916,80.2,74.6,3.4,1.5,5.43,0.01,-0.37,1.265,-1.339,50.0,5.946,0.611,-117.581,-3.957,7.606,22.328,-32.081,23.9,-13.2,9.7,SL,0.902,13,77,90.701,938.542,"","",40,2013_03_31_texmlb_houmlb_1,2013_03_31_texmlb_houmlb_1_40,"","","",""
502032,435079,"","","",Foul,Foul,S,14934,2013-04-01T01:49:34Z,126.18,113.98,130331_204932,89.2,81.2,3.4,1.5,-1.8,10.09,-0.826,3.864,-1.064,50.0,5.961,1.212,-130.844,-2.497,-3.087,31.005,-14.846,23.7,10.3,3.7,FF,0.906,11,45,190.1,1951.558,"","",40,2013_03_31_texmlb_houmlb_1,2013_03_31_texmlb_houmlb_1_40,"","","",""
502032,435079,"","","",Ball,Bola mala,B,15002,2013-04-01T01:50:02Z,96.14,96.71,130331_205000,89.8,81.9,3.4,1.5,-2.3,8.6,0.243,4.507,-0.912,50.0,5.978,3.763,-131.714,-0.496,-3.999,30.732,-17.149,23.7,10.3,4.1,FF,0.906,12,27,194.903,1712.564,"","",40,2013_03_31_texmlb_houmlb_1,2013_03_31_texmlb_houmlb_1_40,"","","",""
502032,435079,"","","",Ball,Bola mala,B,15022,2013-04-01T01:50:22Z,48.07,155.42,130331_205020,83.3,77.5,3.4,1.5,4.86,2.3,1.715,2.028,-1.029,50.0,5.746,5.096,-122.043,-3.039,7.359,23.194,-28.625,23.9,-15.7,8.1,SL,0.902,14,20,115.747,971.216,"","",40,2013_03_31_texmlb_houmlb_1,2013_03_31_texmlb_houmlb_1_40,"","","",""
502032,435079,"","","",Ball,Bola mala,B,15041,2013-04-01T01:50:41Z,140.77,177.87,130331_205039,89.8,82.3,3.4,1.5,-2.37,9.37,-1.183,1.208,-1.099,50.0,5.713,0.579,-131.44,-8.586,-4.115,30.065,-15.85,23.8,12.6,4.3,FF,0.905,13,64,194.147,1858.144,"","",40,2013_03_31_texmlb_houmlb_1,2013_03_31_texmlb_houmlb_1_40,"","","",""
502032,462101,435079,"","",Ball,Bola mala,B,15148,2013-04-01T01:51:48Z,116.74,125.2,130331_205146,89.6,81.4,3.25,1.5,-0.92,8.86,-0.537,3.342,-1.12,50.0,5.849,1.809,-131.307,-3.183,-1.587,31.778,-16.871,23.7,3.8,4.2,FF,0.906,11,72,185.919,1699.863,"","",41,2013_03_31_texmlb_houmlb_1,2013_03_31_texmlb_houmlb_1_41,"","","",""
502032,462101,435079,"","",Called Strike,Strike cantado,S,15239,2013-04-01T01:52:39Z,98.71,162.33,130331_205237,89.5,82.0,3.25,1.5,-0.6,11.11,-0.021,1.789,-0.997,50.0,5.757,2.715,-130.944,-7.716,-1.031,29.476,-12.947,23.8,1.7,3.5,FF,0.906,8,31,183.068,2133.299,"","",41,2013_03_31_texmlb_houmlb_1,2013_03_31_texmlb_houmlb_1_41,"","","",""
502032,462101,435079,"","",Ball,Bola mala,B,15329,2013-04-01T01:53:29Z,54.94,161.47,130331_205327,81.9,76.4,3.25,1.5,5.54,1.73,1.458,1.914,-1.084,50.0,5.978,4.322,-119.969,-3.413,8.108,22.251,-29.561,23.9,-16.2,8.7,SL,0.902,14,21,107.863,1030.159,"","",41,2013_03_31_texmlb_houmlb_1,2013_03_31_texmlb_houmlb_1_41,"","","",""
502032,462101,435079,"","",Foul,Foul,S,15400,2013-04-01T01:54:00Z,110.73,139.02,130331_205358,90.2,82.3,3.25,1.5,-1.45,9.53,-0.3,2.716,-1.063,50.0,5.808,2.471,-132.221,-5.065,-2.543,31.29,-15.422,23.7,6.8,3.9,FF,0.905,1,34,188.63,1859.155,"","",41,2013_03_31_texmlb_houmlb_1,2013_03_31_texmlb_houmlb_1_41,"","","",""
502032,462101,435079,"","",Swinging Strike,Strike tirándole,S,15439,2013-04-01T01:54:39Z,78.11,143.33,130331_205437,83.9,78.1,3.25,1.5,5.5,-0.4,0.719,2.603,-1.26,50.0,5.874,3.076,-122.974,-1.239,8.466,23.157,-32.712,23.9,-15.2,9.0,SL,0.903,12,42,86.364,1000.789,"","",41,2013_03_31_texmlb_houmlb_1,2013_03_31_texmlb_houmlb_1_41,"","","",""
502032,204020,435079,"","",Ball,Bola mala,B,15540,2013-04-01T01:55:40Z,139.06,133.84,130331_205537,83.0,76.2,3.42,1.5,-3.74,2.49,-1.127,2.955,-1.167,50.0,5.843,1.26,-121.658,-0.983,-5.566,25.627,-28.401,23.8,10.5,8.0,CH,0.902,11,75,235.867,801.876,"","",42,2013_03_31_texmlb_houmlb_1,2013_03_31_texmlb_houmlb_1_42,"","","",""
502032,204020,435079,"","","In play, no out","En juego, no out",X,15606,2013-04-01T01:56:06Z,107.3,146.79,130331_205604,82.2,75.5,3.42,1.5,-4.63,3.79,-0.295,2.363,-1.125,50.0,6.0,3.391,-120.455,-3.009,-6.748,25.312,-26.583,23.8,12.6,7.8,CH,0.903,4,27,230.356,1055.464,"","",42,2013_03_31_texmlb_houmlb_1,2013_03_31_texmlb_houmlb_1_42,"","","",""
502032,134181,204020,"",435079,"In play, out(s)","En juego, out(s)",X,15752,2013-04-01T01:57:52Z,95.28,149.38,130331_205749,82.2,76.0,3.52,1.67,6.87,-1.24,0.067,2.325,-1.233,50.0,5.952,0.97,-120.552,-1.476,10.069,24.409,-33.921,23.8,-16.6,9.9,SL,0.903,5,52,80.157,1229.857,"","",43,2013_03_31_texmlb_houmlb_1,2013_03_31_texmlb_houmlb_1_43,"","","",""
502032,461815,204020,"",435079,Ball,Bola mala,B,15914,2013-04-01T01:59:14Z,144.21,104.48,130331_205912,89.3,81.8,3.69,1.7,-0.22,9.9,-1.361,4.322,-1.258,50.0,5.972,-0.189,-130.964,-1.36,-0.389,28.743,-14.975,23.8,1.6,3.6,FF,0.905,11,44,181.294,1905.744,"","",44,2013_03_31_texmlb_houmlb_1,2013_03_31_texmlb_houmlb_1_44,"","","",""
502032,461815,204020,"",435079,Ball,Bola mala,B,15947,2013-04-01T01:59:47Z,129.61,120.88,130331_205945,83.1,77.0,3.69,1.7,6.05,-0.79,-0.821,3.505,-1.31,50.0,6.035,-0.718,-121.818,0.819,9.123,23.287,-33.288,23.8,-15.2,9.2,SL,0.903,11,55,83.038,1094.567,"","",44,2013_03_31_texmlb_houmlb_1,2013_03_31_texmlb_houmlb_1_44,"","","",""
502032,461815,204020,"",435079,"In play, run(s)","En juego, carrera(s)",X,20025,2013-04-01T02:00:25Z,132.19,126.06,130331_210023,84.7,77.5,3.69,1.7,-5.91,6.48,-0.897,3.432,-1.176,50.0,5.885,2.554,-124.207,-1.476,-9.151,27.001,-22.062,23.7,21.0,6.3,CH,0.904,11,57,222.143,1592.96,"","",44,2013_03_31_texmlb_houmlb_1,2013_03_31_texmlb_houmlb_1_44,"","","",""
502032,443558,461815,204020,"",Swinging Strike,Strike tirándole,S,20131,2013-04-01T02:01:31Z,60.94,158.88,130331_210129,82.7,77.3,3.73,1.5,6.92,-0.35,1.083,1.926,-1.129,50.0,5.907,3.149,-121.177,-2.747,10.347,22.33,-32.617,23.9,-18.1,9.4,SL,0.903,14,84,87.548,1239.921,"","",45,2013_03_31_texmlb_houmlb_1,2013_03_31_texmlb_houmlb_1_45,"","","",""
502032,443558,461815,204020,"",Called Strike,Strike cantado,S,20213,2013-04-01T02:02:13Z,67.81,144.2,130331_210211,82.1,75.9,3.58,1.72,4.99,-2.37,1.065,2.718,-1.168,50.0,5.979,3.761,-120.315,-0.235,7.282,24.211,-35.56,23.8,-12.6,10.1,SL,0.902,12,42,65.062,968.361,"","",45,2013_03_31_texmlb_houmlb_1,2013_03_31_texmlb_houmlb_1_45,"","","",""
502032,443558,461815,204020,"","In play, run(s)","En juego, carrera(s)",X,20245,2013-04-01T02:02:45Z,78.97,147.65,130331_210242,84.0,78.1,3.73,1.5,6.74,-0.25,0.689,2.48,-1.233,50.0,5.851,2.548,-123.159,-1.535,10.378,23.758,-32.489,23.8,-18.2,9.1,SL,0.903,6,38,88.261,1223.065,"","",45,2013_03_31_texmlb_houmlb_1,2013_03_31_texmlb_houmlb_1_45,"","","",""
407853,150229,443558,461815,"",Ball In Dirt,Bola por el suelo,B,20608,2013-04-01T02:06:08Z,139.06,187.37,130331_210606,91.9,83.5,3.6,1.5,12.54,11.9,-1.054,0.679,2.462,50.0,5.2,-13.508,-133.684,-9.817,22.438,31.858,-10.811,23.7,-55.8,5.3,FT,0.91,13,57,133.595,3362.193,"","",46,2013_03_31_texmlb_houmlb_1,2013_03_31_texmlb_houmlb_1_46,"","","",""
407853,150229,443558,461815,"","In play, out(s)","En juego, out(s)",X,20637,2013-04-01T02:06:37Z,97.0,146.79,130331_210635,90.9,82.9,3.6,1.5,10.14,9.66,0.055,2.511,2.659,50.0,5.257,-10.25,-132.908,-4.318,17.993,30.687,-14.96,23.7,-44.5,5.1,FT,0.791,5,30,133.733,2718.137,"","",46,2013_03_31_texmlb_houmlb_1,2013_03_31_texmlb_houmlb_1_46,"","","",""
457448,150289,"","","",Foul,Foul,S,20935,2013-04-01T02:09:35Z,60.09,136.43,130331_210933,88.3,81.4,3.13,1.5,14.84,4.26,1.271,2.82,2.039,50.0,6.35,-6.874,-129.289,-4.126,25.078,27.328,-24.899,23.8,-42.6,8.4,FT,0.894,12,66,106.178,2930.078,"","",47,2013_03_31_texmlb_houmlb_1,2013_03_31_texmlb_houmlb_1_47,"","","",""
457448,150289,"","","",Foul,Foul,S,21002,2013-04-01T02:10:02Z,88.41,158.01,130331_211000,91.3,84.2,3.13,1.5,15.84,4.57,0.436,2.144,1.815,50.0,6.195,-9.052,-133.417,-6.137,28.553,28.752,-23.865,23.8,-46.7,8.3,FT,0.951,6,46,106.225,3233.658,"","",47,2013_03_31_texmlb_houmlb_1,2013_03_31_texmlb_houmlb_1_47,"","","",""
457448,150289,"","","",Ball,Bola mala,B,21048,2013-04-01T02:10:48Z,52.36,165.78,130331_211045,92.1,84.8,3.13,1.5,14.65,8.0,1.466,1.557,1.993,50.0,6.072,-6.45,-134.627,-8.698,26.82,29.979,-17.457,23.8,-52.8,7.1,FT,0.953,14,43,118.756,3296.745,"","",47,2013_03_31_texmlb_houmlb_1,2013_03_31_texmlb_houmlb_1_47,"","","",""
457448,150289,"","","",Foul,Foul,S,21106,2013-04-01T02:11:06Z,60.94,144.2,130331_211104,82.5,75.7,3.13,1.5,11.92,7.7,1.208,2.553,2.243,50.0,6.045,-6.139,-120.846,-3.935,17.492,25.15,-20.801,23.8,-37.0,7.5,CH,0.904,12,49,123.032,2504.793,"","",47,2013_03_31_texmlb_houmlb_1,2013_03_31_texmlb_houmlb_1_47,"","","",""
457448,150289,"","","",Foul,Foul,S,21141,2013-04-01T02:11:41Z,58.37,156.29,130331_211139,92.8,84.8,3.13,1.5,14.1,6.74,1.282,2.061,2.013,50.0,6.076,-6.831,-135.775,-7.033,26.048,32.637,-19.654,23.7,-49.0,7.1,FT,0.953,14,60,115.672,3088.093,"","",47,2013_03_31_texmlb_houmlb_1,2013_03_31_texmlb_houmlb_1_47,"","","",""
457448,150289,"","","",Foul,Foul,S,21207,2013-04-01T02:12:07Z,62.66,169.24,130331_211204,83.1,75.6,3.13,1.5,13.8,7.44,1.14,1.481,2.21,50.0,5.877,-6.806,-121.535,-6.029,20.283,27.711,-21.164,23.7,-39.9,8.1,CH,0.901,14,62,118.495,2754.924,"","",47,2013_03_31_texmlb_houmlb_1,2013_03_31_texmlb_houmlb_1_47,"","","",""
457448,150289,"","","",Swinging Strike (Blocked),Strike tirándole (Bloqueado),S,21236,2013-04-01T02:12:36Z,87.55,175.28,130331_211234,81.3,75.6,3.13,1.5,5.29,-1.38,0.304,1.174,1.953,50.0,6.2,-5.486,-118.968,-4.547,7.576,22.865,-34.083,23.9,-10.8,10.0,CU,0.896,14,39,75.857,952.751,"","",47,2013_03_31_texmlb_houmlb_1,2013_03_31_texmlb_houmlb_1_47,"","","",""
457448,452239,"","","",Foul,Foul,S,21311,2013-04-01T02:13:11Z,71.24,141.61,130331_211309,92.6,85.1,3.5,1.5,12.75,7.41,0.909,2.69,1.921,50.0,6.14,-7.126,-135.478,-5.778,23.625,30.411,-18.373,23.8,-48.3,6.5,FT,0.95,12,61,120.293,2929.954,"","",48,2013_03_31_texmlb_houmlb_1,2013_03_31_texmlb_houmlb_1_48,"","","",""
457448,452239,"","","",Ball,Bola mala,B,21332,2013-04-01T02:13:32Z,139.91,123.47,130331_211329,93.3,85.4,3.5,1.5,10.89,8.81,-1.214,3.479,1.465,50.0,6.297,-10.996,-136.291,-4.672,20.411,30.945,-15.58,23.8,-47.2,5.3,FT,0.902,11,72,129.112,2800.133,"","",48,2013_03_31_texmlb_houmlb_1,2013_03_31_texmlb_houmlb_1_48,"","","",""
457448,452239,"","","",Ball,Bola mala,B,21345,2013-04-01T02:13:45Z,56.65,148.51,130331_211343,91.5,84.2,3.5,1.5,14.85,6.35,1.293,2.266,1.987,50.0,5.986,-6.925,-133.939,-5.93,26.907,29.541,-20.595,23.8,-49.3,7.5,FT,0.952,14,31,113.284,3172.882,"","",48,2013_03_31_texmlb_houmlb_1,2013_03_31_texmlb_houmlb_1_48,"","","",""
457448,452239,"","","",Ball,Bola mala,B,21400,2013-04-01T02:14:00Z,29.18,157.15,130331_211358,82.3,75.9,3.5,1.5,13.69,5.08,2.123,2.062,2.259,50.0,5.956,-4.545,-120.596,-4.065,20.067,24.481,-24.648,23.8,-37.0,8.8,CH,0.909,14,24,110.559,2578.276,"","",48,2013_03_31_texmlb_houmlb_1,2013_03_31_texmlb_houmlb_1_48,"","","",""
457448,452239,"","","",Ball,Bola mala,B,21415,2013-04-01T02:14:15Z,54.94,164.06,130331_211413,91.9,84.3,3.5,1.5,14.94,8.18,1.39,1.871,2.091,50.0,5.978,-6.983,-134.323,-7.606,27.134,30.709,-17.245,23.8,-53.5,7.1,FT,0.954,14,38,118.82,3344.956,"","",48,2013_03_31_texmlb_houmlb_1,2013_03_31_texmlb_houmlb_1_48,"","","",""
457448,488771,452239,"","",Pitchout,Bola franca,B,21548,2013-04-01T02:15:48Z,196.57,100.16,130331_211546,87.2,79.5,3.59,1.5,11.44,6.66,-2.85,4.475,1.592,50.0,6.35,-14.832,-127.062,-0.441,18.596,27.465,-21.278,23.7,-35.8,6.6,PO,0.0,11,0,120.368,2460.908,"","",49,2013_03_31_texmlb_houmlb_1,2013_03_31_texmlb_houmlb_1_49,"","","",""
457448,488771,452239,"","","In play, out(s)","En juego, out(s)",X,21632,2013-04-01T02:16:32Z,84.12,131.24,130331_211630,90.2,82.7,3.59,1.5,13.9,6.14,0.506,3.135,1.881,50.0,6.205,-8.265,-131.987,-3.882,24.39,29.473,-21.32,23.8,-45.6,7.3,FT,0.94,3,51,113.99,2934.396,"","",49,2013_03_31_texmlb_houmlb_1,2013_03_31_texmlb_houmlb_1_49,"","","",""
457448,518625,452239,"","",Ball,Bola mala,B,21716,2013-04-01T02:17:16Z,67.81,110.52,130331_211714,91.3,83.7,3.36,1.5,11.8,6.76,1.09,3.981,2.014,50.0,6.273,-6.473,-133.759,-2.265,21.288,30.048,-19.901,23.8,-44.2,6.4,FT,0.934,12,56,119.965,2665.187,"","",50,2013_03_31_texmlb_houmlb_1,2013_03_31_texmlb_houmlb_1_50,"","","",""
457448,518625,452239,"","",Ball,Bola mala,B,21737,2013-04-01T02:17:37Z,67.81,127.79,130331_211735,91.5,83.8,3.36,1.5,14.86,6.95,1.061,3.403,1.956,50.0,6.231,-7.448,-133.888,-3.754,26.829,30.348,-19.545,23.8,-51.0,7.3,FT,0.954,12,74,115.208,3213.112,"","",50,2013_03_31_texmlb_houmlb_1,2013_03_31_texmlb_houmlb_1_50,"","","",""
457448,518625,452239,"","",Ball In Dirt,Bola por el suelo,B,21759,2013-04-01T02:17:59Z,68.67,194.28,130331_211756,82.6,75.6,3.36,1.5,13.39,6.28,0.958,0.423,2.061,50.0,5.724,-6.724,-120.654,-7.714,19.483,26.317,-22.96,23.8,-36.4,8.5,CH,0.917,14,46,115.311,2591.471,"","",50,2013_03_31_texmlb_houmlb_1,2013_03_31_texmlb_houmlb_1_50,"","","",""
457448,518625,452239,"","",Called Strike,Strike cantado,S,21823,2013-04-01T02:18:23Z,66.09,139.88,130331_211820,91.5,83.9,3.36,1.5,11.61,10.19,0.931,2.797,1.837,50.0,6.099,-6.364,-133.859,-6.12,20.971,30.013,-13.68,23.8,-52.5,5.6,FT,0.935,12,64,131.409,3030.439,"","",50,2013_03_31_texmlb_houmlb_1,2013_03_31_texmlb_houmlb_1_50,"","","",""
457448,518625,452239,"","",Ball,Bola mala,B,21843,2013-04-01T02:18:43Z,82.4,180.46,130331_211841,91.2,84.1,3.36,1.5,15.5,5.7,0.613,1.097,1.841,50.0,5.878,-8.514,-133.182,-8.399,27.793,29.066,-21.875,23.8,-47.8,8.0,FT,0.948,14,67,110.333,3228.736,"","",50,2013_03_31_texmlb_houmlb_1,2013_03_31_texmlb_houmlb_1_50,"","","",""
117955,150449,518625,452239,"",Ball,Bola mala,B,22206,2013-04-01T02:22:06Z,42.06,178.73,130331_212204,79.8,74.4,3.37,1.5,4.69,-2.13,1.764,1.012,-1.743,50.0,5.745,6.681,-116.791,-3.307,6.468,22.167,-35.044,23.9,-11.9,10.7,SL,0.904,14,55,66.072,879.002,"","",51,2013_03_31_texmlb_houmlb_1,2013_03_31_texmlb_houmlb_1_51,"","","",""
117955,150449,518625,452239,"",Ball,Bola mala,B,22223,2013-04-01T02:22:23Z,86.7,114.84,130331_212221,88.0,80.5,3.37,1.5,-5.92,7.53,0.486,3.763,-1.706,50.0,5.852,7.512,-128.877,-1.455,-9.896,28.381,-19.516,23.8,22.7,5.2,SI,0.908,12,58,218.017,1808.705,"","",51,2013_03_31_texmlb_houmlb_1,2013_03_31_texmlb_houmlb_1_51,"","","",""
117955,150449,518625,452239,"",Called Strike,Strike cantado,S,22240,2013-04-01T02:22:40Z,76.39,127.79,130331_212238,80.3,74.2,3.37,1.5,5.63,0.22,0.66,3.069,-1.844,50.0,5.817,4.115,-117.699,0.475,7.86,23.189,-31.789,23.8,-15.1,9.5,SL,0.904,3,46,92.804,970.001,"","",51,2013_03_31_texmlb_houmlb_1,2013_03_31_texmlb_houmlb_1_51,"","","",""
117955,150449,518625,452239,"",Ball,Bola mala,B,22257,2013-04-01T02:22:57Z,50.64,155.42,130331_212255,88.7,81.1,3.37,1.5,-6.16,8.52,1.639,2.146,-1.677,50.0,5.592,10.494,-129.576,-5.311,-10.393,29.078,-17.727,23.7,23.3,5.0,SI,0.902,14,28,215.73,1992.611,"","",51,2013_03_31_texmlb_houmlb_1,2013_03_31_texmlb_houmlb_1_51,"","","",""
117955,150449,518625,452239,"",Foul,Foul,S,22314,2013-04-01T02:23:14Z,61.8,148.51,130331_212311,80.4,74.5,3.37,1.5,5.0,0.55,1.23,2.384,-1.792,50.0,5.846,5.513,-117.764,-1.3,7.005,22.736,-31.331,23.8,-14.1,9.4,SL,0.904,14,41,96.862,869.201,"","",51,2013_03_31_texmlb_houmlb_1,2013_03_31_texmlb_houmlb_1_51,"","","",""
117955,150449,518625,452239,"","In play, run(s)","En juego, carrera(s)",X,22339,2013-04-01T02:23:39Z,99.57,152.83,130331_212337,81.9,75.7,3.37,1.5,4.44,-0.54,-0.085,2.168,-1.884,50.0,5.76,2.895,-120.022,-1.548,6.446,24.071,-32.878,23.8,-11.8,9.5,SL,0.891,5,20,83.767,783.802,"","",51,2013_03_31_texmlb_houmlb_1,2013_03_31_texmlb_houmlb_1_51,"","","",""
117955,430592,"","","",Called Strike,Strike cantado,S,22436,2013-04-01T02:24:36Z,66.95,132.97,130331_212434,88.2,80.9,3.28,1.54,-6.27,2.99,1.028,3.049,-1.651,50.0,5.789,8.878,-129.092,-1.64,-10.518,28.398,-27.087,23.8,17.5,7.0,SI,0.903,12,73,244.189,1313.042,"","",52,2013_03_31_texmlb_houmlb_1,2013_03_31_texmlb_houmlb_1_52,"","","",""
117955,430592,"","","",Called Strike,Strike cantado,S,22449,2013-04-01T02:24:49Z,76.39,148.51,130331_212446,88.7,81.1,3.15,1.5,-7.9,2.83,0.719,2.292,-1.788,50.0,5.715,9.007,-129.771,-3.372,-13.325,30.019,-27.32,23.7,22.0,7.3,SI,0.898,14,50,249.984,1585.437,"","",52,2013_03_31_texmlb_houmlb_1,2013_03_31_texmlb_houmlb_1_52,"","","",""
117955,430592,"","","",Foul,Foul,S,22502,2013-04-01T02:25:02Z,93.56,148.51,130331_212500,87.7,80.5,3.15,1.5,-7.91,-0.11,0.183,2.367,-1.762,50.0,5.692,7.506,-128.345,-2.01,-13.099,28.362,-32.275,23.8,19.4,8.5,SI,0.901,5,31,270.442,1480.725,"","",52,2013_03_31_texmlb_houmlb_1,2013_03_31_texmlb_houmlb_1_52,"","","",""
117955,430592,"","","",Swinging Strike,Strike tirándole,S,22525,2013-04-01T02:25:25Z,84.12,164.06,130331_212523,87.8,80.8,3.15,1.5,-6.84,1.62,0.485,1.64,-1.728,50.0,5.6,7.849,-128.526,-4.213,-11.378,28.18,-29.407,23.8,17.9,7.8,SI,0.903,9,55,256.331,1321.764,"","",52,2013_03_31_texmlb_houmlb_1,2013_03_31_texmlb_houmlb_1_52,"","","",""
407853,519048,"","","",Ball,Bola mala,B,22808,2013-04-01T02:28:08Z,144.21,158.88,130331_212806,90.1,81.8,3.52,1.5,6.72,12.53,-1.291,1.81,2.707,50.0,5.346,-12.559,-131.43,-7.084,11.591,31.543,-10.499,23.7,-35.3,3.5,FF,0.897,13,75,151.865,2713.205,"","",53,2013_03_31_texmlb_houmlb_1,2013_03_31_texmlb_houmlb_1_53,"","","",""
407853,519048,"","","",Foul,Foul,S,22824,2013-04-01T02:28:24Z,99.57,154.56,130331_212822,88.7,81.0,3.52,1.5,5.51,10.93,-0.013,2.122,3.141,50.0,5.339,-9.863,-129.592,-5.519,9.294,29.288,-13.674,23.7,-25.5,4.0,FF,0.924,8,26,153.327,2317.739,"","",53,2013_03_31_texmlb_houmlb_1,2013_03_31_texmlb_houmlb_1_53,"","","",""
407853,519048,"","","",Called Strike,Strike cantado,S,22851,2013-04-01T02:28:51Z,122.75,149.38,130331_212849,89.7,82.9,3.52,1.5,6.42,8.83,-0.639,2.328,2.907,50.0,5.386,-11.358,-131.044,-4.717,11.216,26.296,-16.657,23.8,-27.1,4.6,FF,0.939,4,44,144.141,2119.664,"","",53,2013_03_31_texmlb_houmlb_1,2013_03_31_texmlb_houmlb_1_53,"","","",""
407853,519048,"","","","In play, out(s)","En juego, out(s)",X,22913,2013-04-01T02:29:13Z,131.33,145.06,130331_212911,87.9,81.4,3.52,1.5,3.61,3.82,-0.851,2.504,2.901,50.0,5.376,-10.721,-128.433,-2.238,6.05,25.519,-25.698,23.8,-8.8,6.4,FF,0.837,13,48,136.949,1001.092,"","",53,2013_03_31_texmlb_houmlb_1,2013_03_31_texmlb_houmlb_1_53,"","","",""
407853,547982,"","","",Called Strike,Strike cantado,S,22953,2013-04-01T02:29:53Z,79.83,149.38,130331_212951,90.7,83.3,3.31,1.5,8.71,9.44,0.477,2.275,2.748,50.0,5.361,-8.902,-132.588,-5.151,15.493,28.533,-15.302,23.8,-39.7,4.9,FF,0.87,6,54,137.441,2506.412,"","",54,2013_03_31_texmlb_houmlb_1,2013_03_31_texmlb_houmlb_1_54,"","","",""
407853,547982,"","","",Swinging Strike,Strike tirándole,S,23010,2013-04-01T02:30:10Z,112.45,179.6,130331_213008,77.5,71.6,3.31,1.5,-1.73,-6.68,-0.323,1.111,2.703,50.0,5.755,-6.241,-113.517,-1.21,-2.231,23.592,-40.695,23.8,4.6,13.0,CU,0.882,13,38,345.33,1125.718,"","",54,2013_03_31_texmlb_houmlb_1,2013_03_31_texmlb_houmlb_1_54,"","","",""
407853,547982,"","","",Foul,Foul,S,23034,2013-04-01T02:30:34Z,118.45,161.47,130331_213032,77.0,70.3,3.31,1.5,-2.28,-9.51,-0.512,1.834,2.668,50.0,5.728,-6.351,-112.779,1.427,-2.859,25.659,-44.021,23.7,5.3,14.3,CU,0.902,7,37,346.434,1567.741,"","",54,2013_03_31_texmlb_houmlb_1,2013_03_31_texmlb_houmlb_1_54,"","","",""
407853,547982,"","","",Swinging Strike,Strike tirándole,S,23105,2013-04-01T02:31:05Z,90.99,121.75,130331_213103,89.1,81.5,3.31,1.5,5.68,10.0,0.275,3.598,3.254,50.0,5.469,-9.538,-130.349,-1.882,9.716,28.909,-14.991,23.7,-26.3,4.1,FF,0.934,12,44,150.516,2197.026,"","",54,2013_03_31_texmlb_houmlb_1,2013_03_31_texmlb_houmlb_1_54,"","","",""
407853,435079,"","","",Ball,Bola mala,B,23150,2013-04-01T02:31:50Z,99.57,120.88,130331_213148,91.1,82.6,3.4,1.5,6.54,10.86,-0.012,3.534,2.678,50.0,5.487,-9.249,-133.249,-2.642,11.587,32.62,-12.875,23.7,-34.7,3.8,FF,0.924,11,55,149.021,2450.857,"","",55,2013_03_31_texmlb_houmlb_1,2013_03_31_texmlb_houmlb_1_55,"","","",""
407853,435079,"","","",Called Strike,Strike cantado,S,23206,2013-04-01T02:32:06Z,76.39,141.61,130331_213204,89.5,81.9,3.4,1.5,6.07,10.12,0.825,2.636,3.33,50.0,5.263,-8.494,-130.973,-3.943,10.481,29.106,-14.619,23.8,-29.1,4.2,FF,0.931,12,51,149.162,2264.769,"","",55,2013_03_31_texmlb_houmlb_1,2013_03_31_texmlb_houmlb_1_55,"","","",""
407853,435079,"","","","In play, out(s)","En juego, out(s)",X,23224,2013-04-01T02:32:24Z,83.26,146.79,130331_213222,78.5,71.7,3.4,1.5,12.62,6.04,0.473,2.512,2.532,50.0,5.439,-8.34,-114.83,-1.264,16.677,23.341,-24.123,23.7,-31.7,8.8,CH,0.906,6,34,115.77,2339.68,"","",55,2013_03_31_texmlb_houmlb_1,2013_03_31_texmlb_houmlb_1_55,"","","",""
430630,514888,"","","","In play, out(s)","En juego, out(s)",X,23733,2013-04-01T02:37:33Z,98.71,158.88,130331_213730,90.5,83.2,2.79,1.5,-0.83,10.41,0.02,1.984,-1.201,50.0,5.628,3.474,-132.565,-6.919,-1.478,29.117,-13.628,23.8,2.8,3.5,FF,0.822,5,40,184.555,2036.097,"","",56,2013_03_31_texmlb_houmlb_1,2013_03_31_texmlb_houmlb_1_56,"","","",""
430630,477165,"","","",Called Strike,Strike cantado,S,23818,2013-04-01T02:38:18Z,95.28,140.74,130331_213816,91.3,83.4,3.54,1.65,-1.41,10.83,0.174,2.555,-0.948,50.0,5.692,3.43,-133.805,-5.845,-2.53,31.613,-12.668,23.7,7.1,3.2,FF,0.88,5,42,187.388,2132.656,"","",57,2013_03_31_texmlb_houmlb_1,2013_03_31_texmlb_houmlb_1_57,"","","",""
430630,477165,"","","",Ball,Bola mala,B,23836,2013-04-01T02:38:36Z,102.15,196.87,130331_213834,87.9,81.2,3.54,1.65,-7.09,5.04,-0.049,0.308,-0.91,50.0,5.542,4.513,-128.568,-8.59,-11.821,27.573,-23.699,23.8,23.2,6.7,CH,0.894,13,18,234.361,1641.299,"","",57,2013_03_31_texmlb_houmlb_1,2013_03_31_texmlb_houmlb_1_57,"","","",""
430630,477165,"","","",Swinging Strike,Strike tirándole,S,23900,2013-04-01T02:39:00Z,94.42,182.19,130331_213858,85.3,78.5,3.54,1.65,-1.16,-0.04,0.173,0.94,-1.026,50.0,5.565,3.315,-124.913,-4.811,-1.813,27.571,-32.155,23.8,2.0,8.6,CH,0.555,14,21,269.4,210.58,"","",57,2013_03_31_texmlb_houmlb_1,2013_03_31_texmlb_houmlb_1_57,"","","",""
430630,477165,"","","",Called Strike,Strike cantado,S,23921,2013-04-01T02:39:21Z,72.96,139.88,130331_213919,91.3,82.7,3.54,1.65,-1.18,10.55,0.928,2.722,-1.116,50.0,5.747,5.751,-133.705,-5.366,-2.096,34.13,-13.377,23.7,2.6,3.4,FF,0.886,12,53,186.361,2052.232,"","",57,2013_03_31_texmlb_houmlb_1,2013_03_31_texmlb_houmlb_1_57,"","","",""
430630,474892,"","","",Called Strike,Strike cantado,S,24003,2013-04-01T02:40:03Z,69.53,128.65,130331_214001,92.2,83.0,3.57,1.71,-2.52,9.8,0.908,3.301,-0.956,50.0,5.737,5.78,-135.109,-3.693,-4.541,36.346,-14.447,23.7,11.1,3.6,FF,0.909,12,77,194.366,1964.962,"","",58,2013_03_31_texmlb_houmlb_1,2013_03_31_texmlb_houmlb_1_58,"","","",""
430630,474892,"","","",Ball,Bola mala,B,24021,2013-04-01T02:40:21Z,13.73,164.92,130331_214019,91.6,83.2,3.57,1.71,-1.45,10.42,2.637,1.662,-0.637,50.0,5.67,9.08,-133.785,-7.93,-2.584,33.495,-13.546,23.7,1.5,3.5,FF,0.885,14,37,187.896,2039.387,"","",58,2013_03_31_texmlb_houmlb_1,2013_03_31_texmlb_houmlb_1_58,"","","",""
430630,474892,"","","",Ball,Bola mala,B,24044,2013-04-01T02:40:44Z,59.23,145.92,130331_214042,91.5,82.5,3.57,1.71,-1.13,10.23,1.368,2.529,-0.827,50.0,5.683,6.126,-133.882,-5.58,-2.002,35.406,-13.982,23.7,1.6,3.6,FF,0.887,14,21,186.278,1983.236,"","",58,2013_03_31_texmlb_houmlb_1,2013_03_31_texmlb_houmlb_1_58,"","","",""
430630,474892,"","","","In play, out(s)","En juego, out(s)",X,24105,2013-04-01T02:41:05Z,91.85,159.74,130331_214103,92.3,84.0,3.57,1.71,0.5,9.3,0.306,1.743,-0.762,50.0,5.552,2.661,-135.179,-7.246,0.911,33.604,-15.153,23.7,-5.2,3.8,FF,0.892,9,46,176.938,1829.36,"","",58,2013_03_31_texmlb_houmlb_1,2013_03_31_texmlb_houmlb_1_58,"","","",""
407853,462101,"","","","In play, out(s)","En juego, out(s)",X,24349,2013-04-01T02:43:49Z,127.04,145.06,130331_214347,87.6,80.1,3.25,1.5,7.01,9.95,-0.819,2.579,3.113,50.0,5.341,-12.195,-127.9,-3.835,11.546,27.927,-15.723,23.7,-28.4,4.6,FF,0.932,11,67,144.938,2279.781,"","",59,2013_03_31_texmlb_houmlb_1,2013_03_31_texmlb_houmlb_1_59,"","","",""
407853,204020,"","","",Called Strike,Strike cantado,S,24436,2013-04-01T02:44:36Z,115.88,143.33,130331_214434,89.8,80.9,3.42,1.5,8.58,11.94,-0.47,2.55,2.775,50.0,5.381,-11.169,-131.085,-4.963,14.608,33.315,-11.783,23.7,-42.2,4.2,FF,0.878,4,53,144.384,2776.124,"","",60,2013_03_31_texmlb_houmlb_1,2013_03_31_texmlb_houmlb_1_60,"","","",""
407853,204020,"","","",Ball,Bola mala,B,24501,2013-04-01T02:45:01Z,153.65,157.15,130331_214458,90.2,81.4,3.42,1.5,10.02,12.15,-1.624,2.028,2.707,50.0,5.343,-14.478,-131.306,-6.333,17.175,32.578,-11.281,23.7,-46.7,4.5,FT,0.907,13,32,140.579,2988.3,"","",60,2013_03_31_texmlb_houmlb_1,2013_03_31_texmlb_houmlb_1_60,"","","",""
407853,204020,"","","",Ball,Bola mala,B,24522,2013-04-01T02:45:22Z,141.63,132.97,130331_214520,90.7,81.6,3.42,1.5,9.67,11.78,-1.214,2.898,2.53,50.0,5.451,-12.93,-132.328,-4.356,16.764,33.978,-11.671,23.7,-46.5,4.4,FT,0.569,11,63,140.73,2903.587,"","",60,2013_03_31_texmlb_houmlb_1,2013_03_31_texmlb_houmlb_1_60,"","","",""
407853,204020,"","","",Swinging Strike,Strike tirándole,S,24545,2013-04-01T02:45:45Z,107.3,131.24,130331_214543,88.5,80.6,3.42,1.5,3.43,9.8,-0.257,3.031,3.068,50.0,5.331,-9.587,-129.392,-2.769,5.746,29.754,-15.672,23.7,-12.4,4.1,FF,0.848,1,40,160.803,1959.212,"","",60,2013_03_31_texmlb_houmlb_1,2013_03_31_texmlb_houmlb_1_60,"","","",""
407853,204020,"","","",Ball,Bola mala,B,24613,2013-04-01T02:46:13Z,132.19,168.37,130331_214611,77.3,70.3,3.42,1.5,-2.13,-9.58,-1.023,1.504,2.468,50.0,5.911,-7.079,-113.084,0.314,-2.665,27.057,-44.085,23.7,5.3,14.4,CU,0.901,13,54,347.39,1565.873,"","",60,2013_03_31_texmlb_houmlb_1,2013_03_31_texmlb_houmlb_1_60,"","","",""
407853,204020,"","","",Swinging Strike (Blocked),Strike tirándole (Bloqueado),S,24638,2013-04-01T02:46:38Z,119.31,183.05,130331_214636,77.5,71.1,3.42,1.5,-3.04,-8.13,-0.582,0.936,2.618,50.0,5.555,-6.229,-113.548,-0.688,-3.875,25.338,-42.467,23.8,6.7,13.7,CU,0.897,13,28,339.372,1405.226,"","",60,2013_03_31_texmlb_houmlb_1,2013_03_31_texmlb_houmlb_1_60,"","","",""
407853,134181,"","","","In play, out(s)","En juego, out(s)",X,24718,2013-04-01T02:47:18Z,128.76,121.75,130331_214716,91.2,83.1,3.52,1.67,8.97,9.78,-0.799,3.47,2.506,50.0,5.461,-11.71,-133.16,-2.417,15.985,30.658,-14.668,23.7,-41.2,4.6,FF,0.834,11,79,137.601,2582.789,"","",61,2013_03_31_texmlb_houmlb_1,2013_03_31_texmlb_houmlb_1_61,"","","",""
517451,150289,"","","",Ball,Bola mala,B,25015,2013-04-01T02:50:15Z,128.76,185.64,130331_215013,83.2,76.2,3.13,1.5,-2.03,0.69,-0.725,0.859,2.552,50.0,5.332,-7.19,-121.696,-4.153,-2.997,27.691,-31.088,23.8,7.9,8.9,SL,0.91,13,69,250.081,380.017,"","",62,2013_03_31_texmlb_houmlb_1,2013_03_31_texmlb_houmlb_1_62,"","","",""
517451,150289,"","","",Called Strike,Strike cantado,S,25034,2013-04-01T02:50:34Z,98.71,154.56,130331_215032,82.6,75.4,3.13,1.5,-1.04,0.13,0.208,1.943,2.729,50.0,5.397,-5.656,-120.976,-1.457,-1.511,27.498,-31.911,23.7,4.8,9.0,SL,0.904,8,26,260.126,183.928,"","",62,2013_03_31_texmlb_houmlb_1,2013_03_31_texmlb_houmlb_1_62,"","","",""
517451,150289,"","","",Swinging Strike,Strike tirándole,S,25054,2013-04-01T02:50:54Z,127.04,164.92,130331_215052,84.3,77.1,3.13,1.5,-1.15,3.27,-0.87,1.646,2.449,50.0,5.298,-7.673,-123.374,-3.242,-1.753,27.815,-27.127,23.8,6.8,7.5,SL,0.913,13,56,199.152,628.268,"","",62,2013_03_31_texmlb_houmlb_1,2013_03_31_texmlb_houmlb_1_62,"","","",""
517451,150289,"","","",Ball,Bola mala,B,25120,2013-04-01T02:51:20Z,131.33,170.1,130331_215118,93.0,84.4,3.13,1.5,14.93,8.68,-1.018,1.382,2.147,50.0,5.222,-13.57,-135.53,-7.179,27.397,33.301,-16.17,23.7,-53.4,6.7,SI,0.927,13,71,120.292,3396.424,"","",62,2013_03_31_texmlb_houmlb_1,2013_03_31_texmlb_houmlb_1_62,"","","",""
517451,150289,"","","",Called Strike,Strike cantado,S,25143,2013-04-01T02:51:43Z,103.0,151.97,130331_215141,93.1,84.1,3.13,1.5,14.58,8.23,-0.003,2.293,2.272,50.0,5.305,-11.09,-135.973,-4.835,26.797,34.961,-16.982,23.7,-52.8,6.7,SI,0.927,5,25,119.551,3286.656,"","",62,2013_03_31_texmlb_houmlb_1,2013_03_31_texmlb_houmlb_1_62,"","","",""
517451,452239,"","","",Ball,Bola mala,B,25216,2013-04-01T02:52:16Z,75.54,195.14,130331_215214,93.1,85.1,3.5,1.5,15.38,5.84,0.622,0.401,2.256,50.0,5.163,-9.691,-135.92,-8.733,28.45,32.817,-21.298,23.7,-48.3,7.7,SI,0.927,14,53,110.922,3251.025,"","",63,2013_03_31_texmlb_houmlb_1,2013_03_31_texmlb_houmlb_1_63,"","","",""
517451,452239,"","","","In play, no out","En juego, no out",X,25236,2013-04-01T02:52:36Z,117.6,132.97,130331_215234,92.5,84.3,3.5,1.5,12.33,6.95,-0.478,3.065,2.235,50.0,5.368,-11.467,-135.15,-2.49,22.62,31.615,-19.34,23.7,-45.1,6.3,SI,0.926,1,51,119.57,2791.774,"","",63,2013_03_31_texmlb_houmlb_1,2013_03_31_texmlb_houmlb_1_63,"","","",""
517451,488771,"","",452239,Foul,Foul,S,25336,2013-04-01T02:53:36Z,73.82,153.69,130331_215333,92.1,83.4,3.59,1.5,16.47,4.04,0.736,2.073,2.305,50.0,5.378,-9.759,-134.724,-4.011,29.659,34.77,-24.819,23.7,-46.5,8.5,SI,0.927,14,65,103.928,3290.585,"","",64,2013_03_31_texmlb_houmlb_1,2013_03_31_texmlb_houmlb_1_64,"","","",""
517451,488771,"","",452239,"In play, out(s)","En juego, out(s)",X,25405,2013-04-01T02:54:05Z,139.06,156.29,130331_215403,84.3,78.1,3.59,1.5,-1.01,1.82,-1.107,2.217,2.279,50.0,5.281,-7.934,-123.344,-1.455,-1.551,24.182,-29.295,23.8,5.7,7.8,SL,0.917,13,46,208.311,384.644,"","",64,2013_03_31_texmlb_houmlb_1,2013_03_31_texmlb_houmlb_1_64,"","","",""
517451,518625,"","",452239,Called Strike,Strike cantado,S,25445,2013-04-01T02:54:45Z,127.04,157.15,130331_215443,92.3,84.2,3.36,1.5,12.21,8.71,-0.684,2.057,2.376,50.0,5.21,-12.313,-134.764,-5.306,22.272,31.434,-16.208,23.7,-48.1,5.8,SI,0.926,7,62,125.636,2950.09,"","",65,2013_03_31_texmlb_houmlb_1,2013_03_31_texmlb_houmlb_1_65,"","","",""
517451,518625,"","",452239,Foul,Foul,S,25500,2013-04-01T02:55:00Z,103.86,180.46,130331_215458,85.7,78.6,3.36,1.5,14.14,4.05,-0.029,1.057,2.334,50.0,5.24,-10.337,-125.146,-5.079,22.257,27.075,-25.727,23.8,-37.0,8.7,CH,0.898,13,16,106.155,2686.255,"","",65,2013_03_31_texmlb_houmlb_1,2013_03_31_texmlb_houmlb_1_65,"","","",""
517451,518625,"","",452239,"In play, run(s)","En juego, carrera(s)",X,25523,2013-04-01T02:55:23Z,113.3,135.56,130331_215521,92.7,84.4,3.36,1.5,10.85,7.26,-0.444,2.802,2.16,50.0,5.334,-10.681,-135.434,-3.223,19.966,32.232,-18.75,23.7,-41.8,5.8,SI,0.921,1,47,123.915,2577.245,Joseph Ortiz is trying to tie up Matt Dominguez with fastballs inside; Dominguez is hitting .000 on pitches in that location compared to .000 overall.,"",65,2013_03_31_texmlb_houmlb_1,2013_03_31_texmlb_houmlb_1_65,"","","",""
517451,150449,518625,"","",Foul,Foul,S,25612,2013-04-01T02:56:12Z,89.27,127.79,130331_215610,86.2,79.5,3.37,1.5,3.93,0.01,0.322,3.288,2.587,50.0,5.523,-6.918,-126.204,0.868,6.349,25.55,-32.092,23.8,-8.9,8.1,SL,0.847,3,71,90.74,729.912,"","",66,2013_03_31_texmlb_houmlb_1,2013_03_31_texmlb_houmlb_1_66,"","","",""
517451,150449,518625,"","",Swinging Strike,Strike tirándole,S,25629,2013-04-01T02:56:29Z,110.73,158.88,130331_215627,86.2,79.8,3.37,1.5,4.03,2.63,-0.298,1.852,2.534,50.0,5.274,-8.363,-126.124,-2.937,6.5,25.209,-27.853,23.8,-9.9,7.2,SL,0.85,7,33,123.615,897.818,"","",66,2013_03_31_texmlb_houmlb_1,2013_03_31_texmlb_houmlb_1_66,"","","",""
517451,150449,518625,"","",Swinging Strike,Strike tirándole,S,25646,2013-04-01T02:56:46Z,104.72,143.33,130331_215644,92.2,84.5,3.37,1.5,9.42,7.13,-0.039,2.674,2.286,50.0,5.296,-9.435,-134.865,-3.392,17.299,30.26,-19.021,23.8,-37.6,5.5,SI,0.893,5,29,127.248,2337.718,"","",66,2013_03_31_texmlb_houmlb_1,2013_03_31_texmlb_houmlb_1_66,"","","",""
407853,461815,"","","",Called Strike,Strike cantado,S,25928,2013-04-01T02:59:28Z,86.7,158.01,130331_215926,89.5,81.3,3.69,1.7,8.08,12.31,0.471,2.132,3.292,50.0,5.354,-9.932,-130.81,-6.115,13.81,31.225,-11.065,23.7,-42.5,4.0,FF,0.907,9,61,146.808,2797.656,"","",67,2013_03_31_texmlb_houmlb_1,2013_03_31_texmlb_houmlb_1_67,"","","",""
407853,461815,"","","",Foul,Foul,S,25947,2013-04-01T02:59:47Z,126.18,142.47,130331_215945,89.0,81.8,3.69,1.7,6.52,7.5,-0.855,2.571,2.87,50.0,5.428,-11.726,-130.011,-3.568,11.142,27.698,-19.292,23.8,-23.5,5.2,FF,0.94,13,50,139.144,1900.591,"","",67,2013_03_31_texmlb_houmlb_1,2013_03_31_texmlb_houmlb_1_67,"","","",""
407853,461815,"","","",Ball,Bola mala,B,30016,2013-04-01T03:00:16Z,163.09,153.69,130331_220014,90.3,82.6,3.69,1.7,7.33,10.96,-1.931,2.23,2.872,50.0,5.332,-14.919,-131.542,-5.538,12.79,29.027,-12.98,23.8,-33.9,4.0,FF,0.851,13,27,146.324,2543.847,"","",67,2013_03_31_texmlb_houmlb_1,2013_03_31_texmlb_houmlb_1_67,"","","",""
407853,461815,"","","",Ball,Bola mala,B,30039,2013-04-01T03:00:39Z,59.23,111.39,130331_220037,88.8,80.6,3.69,1.7,4.35,9.94,1.219,3.93,3.176,50.0,5.522,-6.437,-130.133,-1.068,7.351,30.985,-15.296,23.7,-20.6,4.0,FF,0.567,12,66,156.466,2052.358,"","",67,2013_03_31_texmlb_houmlb_1,2013_03_31_texmlb_houmlb_1_67,"","","",""
407853,461815,"","","",Foul,Foul,S,30102,2013-04-01T03:01:02Z,92.7,142.47,130331_220100,89.6,82.0,3.69,1.7,14.38,6.38,0.22,2.558,2.7,50.0,5.395,-11.214,-130.888,-3.233,24.85,28.687,-21.083,23.8,-45.9,7.4,FT,0.91,5,35,114.053,3016.3,"","",67,2013_03_31_texmlb_houmlb_1,2013_03_31_texmlb_houmlb_1_67,"","","",""
407853,461815,"","","",Ball,Bola mala,B,30128,2013-04-01T03:01:28Z,124.46,193.41,130331_220126,90.7,83.4,3.69,1.7,6.99,11.79,-0.753,0.575,2.714,50.0,5.211,-11.408,-132.106,-9.924,12.352,28.331,-11.282,23.8,-36.8,3.8,FF,0.858,13,47,149.408,2665.354,"","",67,2013_03_31_texmlb_houmlb_1,2013_03_31_texmlb_houmlb_1_67,"","","",""
407853,461815,"","","","In play, out(s)","En juego, out(s)",X,30154,2013-04-01T03:01:54Z,95.28,149.38,130331_220152,90.5,83.1,3.69,1.7,8.37,9.53,0.207,2.425,2.847,50.0,5.314,-9.734,-132.364,-4.629,14.831,28.706,-15.224,23.8,-38.2,4.7,FF,0.893,5,31,138.816,2468.585,"","",67,2013_03_31_texmlb_houmlb_1,2013_03_31_texmlb_houmlb_1_67,"","","",""
407853,443558,"","","",Called Strike,Strike cantado,S,30246,2013-04-01T03:02:46Z,121.89,152.83,130331_220244,90.3,82.3,3.73,1.5,9.28,12.52,-0.569,2.224,2.901,50.0,5.383,-12.113,-131.674,-6.204,16.18,29.862,-10.275,23.7,-49.1,4.2,FF,0.526,7,61,143.542,2999.966,"","",68,2013_03_31_texmlb_houmlb_1,2013_03_31_texmlb_houmlb_1_68,"","","",""
407853,443558,"","","",Ball,Bola mala,B,30306,2013-04-01T03:03:06Z,157.08,151.97,130331_220304,89.0,82.0,3.73,1.5,5.26,9.34,-1.76,2.192,2.597,50.0,5.384,-12.926,-129.779,-5.039,8.994,26.667,-16.133,23.8,-20.5,4.3,FF,0.936,13,26,150.722,2055.835,"","",68,2013_03_31_texmlb_houmlb_1,2013_03_31_texmlb_houmlb_1_68,"","","",""
407853,443558,"","","","In play, no out","En juego, no out",X,30326,2013-04-01T03:03:26Z,64.38,149.38,130331_220324,91.0,83.2,3.73,1.5,14.12,6.9,1.101,2.213,2.859,50.0,5.393,-9.401,-133.058,-4.543,25.124,30.487,-19.823,23.7,-47.9,7.1,FT,0.909,14,60,116.179,3052.485,"","",68,2013_03_31_texmlb_houmlb_1,2013_03_31_texmlb_houmlb_1_68,"","","",""
407853,150229,443558,"","",Ball,Bola mala,B,30414,2013-04-01T03:04:14Z,137.34,109.66,130331_220412,88.8,81.1,3.6,1.5,7.64,10.69,-0.974,4.121,2.549,50.0,5.681,-11.539,-129.732,-1.252,12.951,28.505,-13.979,23.7,-36.2,4.2,FF,0.944,11,64,144.558,2497.54,"","",69,2013_03_31_texmlb_houmlb_1,2013_03_31_texmlb_houmlb_1_69,"","","",""
407853,150229,443558,"","","In play, out(s)","En juego, out(s)",X,30449,2013-04-01T03:04:49Z,131.33,140.74,130331_220447,90.1,81.9,3.6,1.5,9.17,11.87,-0.96,2.76,2.478,50.0,5.525,-11.954,-131.536,-4.91,15.867,30.993,-11.544,23.7,-45.9,4.3,FF,0.693,11,52,142.436,2870.562,"","",69,2013_03_31_texmlb_houmlb_1,2013_03_31_texmlb_houmlb_1_69,"","","",""
407853,519048,443558,"","",Swinging Strike,Strike tirándole,S,30539,2013-04-01T03:05:39Z,119.31,123.47,130331_220537,90.8,82.4,3.52,1.5,10.01,10.46,-0.603,3.363,2.347,50.0,5.542,-11.068,-132.605,-3.049,17.615,31.419,-13.694,23.7,-46.2,4.8,FT,0.597,1,63,136.374,2793.181,"","",70,2013_03_31_texmlb_houmlb_1,2013_03_31_texmlb_houmlb_1_70,"","","",""
407853,519048,"",443558,"",Ball,Bola mala,B,30618,2013-04-01T03:06:18Z,151.07,126.06,130331_220615,86.9,79.4,3.52,1.5,1.85,3.57,-1.453,3.401,2.553,50.0,5.603,-10.601,-126.961,-0.224,2.994,28.399,-26.329,23.7,-1.6,6.6,FC,0.927,11,30,152.878,750.433,"","",70,2013_03_31_texmlb_houmlb_1,2013_03_31_texmlb_houmlb_1_70,"","","",""
407853,519048,"",443558,"",Foul,Foul,S,30701,2013-04-01T03:07:01Z,126.18,134.7,130331_220659,89.8,82.5,3.52,1.5,6.49,9.55,-0.802,2.925,3.094,50.0,5.251,-12.266,-131.139,-3.03,11.296,27.94,-15.478,23.8,-28.4,4.3,FF,0.944,11,51,145.92,2230.097,"","",70,2013_03_31_texmlb_houmlb_1,2013_03_31_texmlb_houmlb_1_70,"","","",""
407853,519048,"",443558,"",Foul,Foul,S,30740,2013-04-01T03:07:40Z,137.34,139.88,130331_220737,91.4,83.6,3.52,1.5,8.36,9.85,-1.192,2.866,2.721,50.0,5.32,-13.141,-133.427,-3.711,14.998,29.887,-14.417,23.7,-38.4,4.4,FF,0.823,11,53,139.816,2527.297,"","",70,2013_03_31_texmlb_houmlb_1,2013_03_31_texmlb_houmlb_1_70,"","","",""
407853,519048,"",443558,"","In play, out(s)","En juego, out(s)",X,30813,2013-04-01T03:08:13Z,88.41,153.69,130331_220811,90.2,83.2,3.52,1.5,8.8,8.4,0.511,2.176,3.169,50.0,5.169,-9.915,-131.865,-4.496,15.564,26.966,-17.256,23.8,-36.8,5.2,FF,0.772,6,42,133.787,2371.912,"","",70,2013_03_31_texmlb_houmlb_1,2013_03_31_texmlb_houmlb_1_70,"","","",""
282332,453056,"","","",Called Strike,Strike cantado,S,171037,2013-04-01T17:10:37Z,97.85,156.29,130401_131028,88.3,81.1,3.18,1.28,5.52,9.79,-0.038,1.792,2.107,50.0,5.984,-7.279,-129.1,-7.591,9.27,27.934,-15.652,23.8,-24.2,4.6,FF,0.841,8,44,150.706,2128.964,"","",1,2013_04_01_bosmlb_nyamlb_1,2013_04_01_bosmlb_nyamlb_1_1,"","","",""
282332,453056,"","","",Foul,Foul,S,171055,2013-04-01T17:10:55Z,90.13,166.65,130401_131046,88.9,81.9,3.5,1.5,8.91,8.56,0.239,1.479,2.159,50.0,6.029,-7.889,-129.849,-8.25,15.211,27.317,-17.489,23.8,-35.4,5.6,SI,0.858,14,49,133.993,2362.267,"","",1,2013_04_01_bosmlb_nyamlb_1,2013_04_01_bosmlb_nyamlb_1_1,"","","",""
282332,453056,"","","","In play, out(s)","En juego, out(s)",X,171121,2013-04-01T17:11:21Z,140.77,179.6,130401_131112,79.4,74.0,3.5,1.5,-4.52,1.28,-1.231,1.106,2.196,50.0,6.009,-6.513,-116.177,-4.622,-6.167,21.976,-30.352,23.9,13.0,9.5,SL,0.904,13,58,253.54,803.023,"","",1,2013_04_01_bosmlb_nyamlb_1,2013_04_01_bosmlb_nyamlb_1_1,"","","",""
282332,425664,"","","",Ball,Bola mala,B,171157,2013-04-01T17:11:57Z,59.23,122.61,130401_131148,89.6,82.2,3.23,1.43,5.16,11.03,1.208,3.522,2.247,50.0,6.053,-4.422,-131.279,-4.061,8.981,28.555,-12.902,23.8,-30.3,3.7,FF,0.907,12,82,155.015,2349.682,"","",2,2013_04_01_bosmlb_nyamlb_1,2013_04_01_bosmlb_nyamlb_1_2,"","","",""
282332,425664,"","","",Called Strike,Strike cantado,S,171214,2013-04-01T17:12:14Z,72.96,137.29,130401_131205,88.1,81.4,3.11,1.46,3.81,10.88,0.933,2.814,2.067,50.0,6.133,-4.155,-129.077,-5.786,6.442,26.116,-13.687,23.8,-20.8,3.8,FF,0.894,12,59,160.79,2200.417,"","",2,2013_04_01_bosmlb_nyamlb_1,2013_04_01_bosmlb_nyamlb_1_2,"","","",""
282332,425664,"","","",Foul,Foul,S,171237,2013-04-01T17:12:37Z,133.05,132.11,130401_131228,88.8,82.0,3.42,1.5,4.91,10.79,-1.079,3.038,1.893,50.0,6.149,-9.268,-129.768,-5.337,8.408,25.85,-13.609,23.8,-24.3,3.8,FF,0.899,11,58,155.636,2278.472,"","",2,2013_04_01_bosmlb_nyamlb_1,2013_04_01_bosmlb_nyamlb_1_2,"","","",""
282332,425664,"","","",Ball,Bola mala,B,171306,2013-04-01T17:13:06Z,121.03,177.01,130401_131257,80.6,74.2,3.12,1.39,-3.47,2.55,-0.678,0.934,2.192,50.0,5.952,-5.604,-117.983,-5.454,-4.822,25.347,-28.558,23.8,11.2,8.8,SL,0.894,13,36,233.133,741.137,"","",2,2013_04_01_bosmlb_nyamlb_1,2013_04_01_bosmlb_nyamlb_1_2,"","","",""
282332,425664,"","","",Foul,Foul,S,171325,2013-04-01T17:13:25Z,110.73,164.92,130401_131316,89.5,82.1,3.42,1.5,10.27,7.06,-0.308,1.654,1.928,50.0,5.986,-9.188,-130.704,-7.278,17.666,28.988,-19.952,23.8,-36.2,6.3,SI,0.922,7,48,124.678,2384.419,"","",2,2013_04_01_bosmlb_nyamlb_1,2013_04_01_bosmlb_nyamlb_1_2,"","","",""
282332,425664,"","","",Swinging Strike,Strike tirándole,S,171348,2013-04-01T17:13:48Z,85.84,139.02,130401_131339,83.6,77.2,3.42,1.5,8.12,8.32,0.525,2.858,2.246,50.0,5.989,-6.713,-122.309,-3.549,12.341,23.382,-19.45,23.8,-28.9,6.1,CH,0.91,3,39,135.876,2102.554,"","",2,2013_04_01_bosmlb_nyamlb_1,2013_04_01_bosmlb_nyamlb_1_2,"","","",""
282332,456030,"","","",Ball,Bola mala,B,171421,2013-04-01T17:14:21Z,110.73,203.78,130401_131412,90.2,83.5,3.36,1.33,9.68,7.38,-0.47,-0.113,2.06,50.0,5.754,-9.838,-131.362,-11.547,16.974,26.912,-19.164,23.8,-35.2,6.1,SI,0.921,13,48,127.47,2361.944,"","",3,2013_04_01_bosmlb_nyamlb_1,2013_04_01_bosmlb_nyamlb_1_3,"","","",""
282332,456030,"","","","In play, no out","En juego, no out",X,171443,2013-04-01T17:14:43Z,102.15,155.42,130401_131434,90.1,83.5,3.4,1.5,3.46,8.69,-0.216,2.095,2.067,50.0,5.983,-7.128,-131.82,-6.931,6.112,26.716,-16.726,23.8,-14.7,4.3,FF,0.907,8,33,158.415,1828.409,"","",3,2013_04_01_bosmlb_nyamlb_1,2013_04_01_bosmlb_nyamlb_1_3,"","","",""
282332,435063,456030,"","",Ball,Bola mala,B,171529,2013-04-01T17:15:29Z,51.5,120.02,130401_131520,74.3,69.0,3.15,1.29,-4.44,2.34,1.321,3.609,2.235,50.0,6.343,-0.725,-109.032,0.906,-5.36,18.769,-29.281,23.8,10.6,10.0,CU,0.91,12,68,241.642,810.456,"","",4,2013_04_01_bosmlb_nyamlb_1,2013_04_01_bosmlb_nyamlb_1_4,"","","",""
282332,435063,456030,"","",Swinging Strike,Strike tirándole,S,171548,2013-04-01T17:15:48Z,85.84,141.61,130401_131539,89.3,82.6,3.26,1.5,2.29,9.7,0.344,2.666,2.171,50.0,6.0,-5.493,-130.771,-5.671,3.972,26.606,-15.245,23.8,-10.0,3.9,FF,0.911,6,33,166.797,1929.117,"","",4,2013_04_01_bosmlb_nyamlb_1,2013_04_01_bosmlb_nyamlb_1_4,"","","",""
282332,435063,456030,"","",Swinging Strike,Strike tirándole,S,171612,2013-04-01T17:16:12Z,61.8,161.47,130401_131603,83.2,76.9,3.26,1.5,7.86,6.55,1.057,1.72,2.198,50.0,5.888,-5.2,-121.836,-5.393,11.808,24.084,-22.257,23.8,-25.0,6.9,CH,0.91,14,58,130.026,1836.159,"","",4,2013_04_01_bosmlb_nyamlb_1,2013_04_01_bosmlb_nyamlb_1_4,"","","",""
477003,475174,456030,456121,"","In play, out(s)","En juego, out(s)",X,171612,2013-04-01T17:16:12Z,104.72,164.92,130401_131631,71.7,66.6,3.3,1.5,-4.45,-7.71,-0.145,1.647,1.309,50.0,6.113,-1.812,-105.127,0.606,-4.927,19.592,-40.639,23.8,7.3,15.0,CU,0.906,8,27,329.8,1351.664,"","",3,2013_04_01_sdnmlb_nynmlb_1,2013_04_01_sdnmlb_nynmlb_1_3,"","","",""
452657,458731,"","","",Ball,Bola mala,B,171931,2013-04-01T17:19:31Z,107.3,178.73,130401_131922,91.3,84.3,2.87,1.33,5.08,11.84,-0.367,0.96,2.587,50.0,5.56,-9.515,-133.225,-10.07,9.152,27.877,-10.76,23.8,-29.4,3.3,FF,0.895,13,66,156.86,2535.968,"","",5,2013_04_01_bosmlb_nyamlb_1,2013_04_01_bosmlb_nyamlb_1_5,"","","",""
452657,458731,"","","",Foul Bunt,Toque de foul,S,171945,2013-04-01T17:19:45Z,115.02,152.83,130401_131936,91.7,83.9,2.86,1.5,6.16,11.03,-0.365,2.289,2.632,50.0,5.691,-10.018,-134.002,-6.671,11.138,30.663,-12.174,23.7,-33.0,3.7,FF,0.894,4,34,150.888,2478.446,"","",5,2013_04_01_bosmlb_nyamlb_1,2013_04_01_bosmlb_nyamlb_1_5,"","","",""
452657,458731,"","","",Foul,Foul,S,172012,2013-04-01T17:20:12Z,84.12,154.56,130401_132003,89.7,83.1,2.86,1.5,8.36,6.35,0.357,2.088,2.719,50.0,5.717,-8.954,-131.161,-5.38,14.648,26.174,-20.974,23.8,-30.5,5.9,SI,0.908,6,37,127.403,2039.574,"","",5,2013_04_01_bosmlb_nyamlb_1,2013_04_01_bosmlb_nyamlb_1_5,"","","",""
477132,457763,467055,"","",Swinging Strike,Strike tirándole,S,202024,2013-04-01T20:20:24Z,120.17,134.7,130401_132030,94.1,86.2,3.55,1.5,1.33,10.91,-0.888,2.816,1.273,50.0,6.025,-6.33,-137.675,-6.631,2.544,31.993,-11.257,23.8,-5.0,2.7,FF,0.91,11,54,173.067,2220.42,"","",4,2013_04_01_sfnmlb_lanmlb_1,2013_04_01_sfnmlb_lanmlb_1_4,"","","",""
452657,456488,"","","",Called Strike,Strike cantado,S,172115,2013-04-01T17:21:15Z,86.7,150.24,130401_132106,92.9,85.5,3.19,1.34,5.32,12.14,0.485,2.184,2.83,50.0,5.561,-8.144,-135.767,-7.308,9.955,29.262,-9.4,23.8,-36.9,3.0,FF,0.893,6,53,156.39,2655.932,"","",6,2013_04_01_bosmlb_nyamlb_1,2013_04_01_bosmlb_nyamlb_1_6,"","","",""
452657,456488,"","","",Foul,Foul,S,172128,2013-04-01T17:21:28Z,134.76,133.84,130401_132119,91.0,84.7,3.3,1.5,1.97,7.3,-1.058,2.921,2.725,50.0,5.769,-10.661,-133.035,-3.941,3.567,25.392,-18.87,23.9,-4.7,4.4,FC,0.995,11,60,164.993,1502.079,"","",6,2013_04_01_bosmlb_nyamlb_1,2013_04_01_bosmlb_nyamlb_1_6,"","","",""
452657,456488,"","","","In play, out(s)","En juego, out(s)",X,172209,2013-04-01T17:22:09Z,94.42,129.52,130401_132159,93.7,85.2,3.3,1.5,5.55,12.02,0.167,3.22,2.676,50.0,5.737,-8.695,-137.113,-5.011,10.432,33.834,-9.509,23.7,-37.7,2.9,FF,0.888,2,37,155.286,2639.996,"","",6,2013_04_01_bosmlb_nyamlb_1,2013_04_01_bosmlb_nyamlb_1_6,"","","",""
452657,429664,"","","",Called Strike,Strike cantado,S,172249,2013-04-01T17:22:49Z,134.76,160.6,130401_132240,94.4,86.7,3.37,1.5,8.8,9.85,-1.092,1.871,2.6,50.0,5.544,-13.135,-137.574,-7.546,16.869,30.411,-13.216,23.8,-43.3,4.3,SI,0.9,13,71,138.338,2676.075,"","",7,2013_04_01_bosmlb_nyamlb_1,2013_04_01_bosmlb_nyamlb_1_7,"","","",""
445060,475582,"","","",Called Strike,Strike cantado,S,172301,2013-04-01T17:23:01Z,83.26,161.47,130401_132304,76.5,71.2,3.33,1.55,9.55,-8.61,0.515,1.921,-1.331,50.0,6.228,1.34,-112.25,0.222,12.088,21.876,-42.994,23.8,-15.9,14.3,CU,0.902,9,35,48.167,2096.777,"","",8,2013_04_01_miamlb_wasmlb_1,2013_04_01_miamlb_wasmlb_1_8,"","","",""
452657,429664,"","","",Foul,Foul,S,172332,2013-04-01T17:23:32Z,125.32,140.74,130401_132323,88.8,82.2,3.67,1.5,0.9,5.64,-0.956,2.79,2.802,50.0,5.786,-9.951,-129.836,-3.324,1.547,26.168,-22.434,23.8,0.9,5.5,FC,0.998,11,48,170.977,1101.986,"","",7,2013_04_01_bosmlb_nyamlb_1,2013_04_01_bosmlb_nyamlb_1_7,"","","",""
452657,429664,"","","",Ball,Bola mala,B,172410,2013-04-01T17:24:10Z,167.38,203.78,130401_132401,76.3,71.0,3.47,1.55,-6.58,-4.09,-2.151,-0.187,2.649,50.0,5.827,-8.64,-111.546,-4.668,-8.168,22.808,-37.179,23.8,14.0,12.8,CU,0.902,13,15,301.499,1245.919,"","",7,2013_04_01_bosmlb_nyamlb_1,2013_04_01_bosmlb_nyamlb_1_7,"","","",""
452657,429664,"","","",Ball,Bola mala,B,172432,2013-04-01T17:24:32Z,148.5,175.28,130401_132423,90.8,84.9,3.64,1.66,-0.07,8.64,-1.454,1.01,2.657,50.0,5.5,-10.793,-132.518,-8.676,-0.127,24.623,-16.515,23.9,6.3,4.1,FC,0.997,13,20,180.463,1714.374,"","",7,2013_04_01_bosmlb_nyamlb_1,2013_04_01_bosmlb_nyamlb_1_7,"","","",""
468504,493114,"","","",Ball,Bola mala,B,182439,2013-04-01T18:24:39Z,87.55,195.14,130401_132441,89.7,82.6,3.1,1.5,-8.44,4.82,0.322,0.433,-1.638,50.0,5.869,7.88,-130.985,-9.409,-14.579,29.273,-23.776,23.8,26.7,6.8,FT,0.995,14,38,240.056,1863.504,"","",6,2013_04_01_colmlb_milmlb_1,2013_04_01_colmlb_milmlb_1_6,"","","",""
452657,429664,"","","",Swinging Strike,Strike tirándole,S,172516,2013-04-01T17:25:16Z,127.04,186.51,130401_132507,89.1,82.6,3.67,1.5,-3.2,6.08,-0.866,0.698,2.843,50.0,5.398,-8.463,-130.125,-7.867,-5.502,26.943,-21.662,23.8,16.9,5.7,FC,0.997,13,45,207.626,1322.827,"","",7,2013_04_01_bosmlb_nyamlb_1,2013_04_01_bosmlb_nyamlb_1_7,"","","",""
452657,425903,429664,"","",Called Strike,Strike cantado,S,172605,2013-04-01T17:26:05Z,108.15,141.61,130401_132556,93.9,86.4,3.51,1.64,4.61,10.97,-0.385,2.64,2.601,50.0,5.607,-9.714,-137.233,-5.977,8.8,30.226,-11.174,23.8,-28.2,3.0,FF,0.89,4,49,157.265,2407.093,"","",8,2013_04_01_bosmlb_nyamlb_1,2013_04_01_bosmlb_nyamlb_1_8,"","","",""
452657,425903,429664,"","",Ball,Bola mala,B,172624,2013-04-01T17:26:24Z,109.87,166.65,130401_132615,75.6,69.9,3.44,1.5,-4.72,-4.26,-0.451,1.64,2.645,50.0,6.049,-5.402,-110.765,-1.006,-5.785,22.221,-37.323,23.8,10.1,12.6,CU,0.9,7,38,311.672,1014.372,"","",8,2013_04_01_bosmlb_nyamlb_1,2013_04_01_bosmlb_nyamlb_1_8,"","","",""
